2910 4654
670 135 917 198 ..so-.·

211 305 438 386 inseparabiles
480 323 567 380 csse,
611 301 803 386 significatur
835 303 933 368 etiam
972 305 1055 368 notis
1094 303 1158 366 illis
1198 305 1356 370 Alcmauis

212 406 335 470 verbis:

594 503 683 590 βάλε
703 502 764 588 δὴ,
786 505 891 590 pidia,
914 509 1152 600 cardinarius

297 609 377 680 ὅσι’
396 613 461 680 dccl
485 607 675 694 κύματος
694 607 825 686 ἄνθος
845 606 911 696 ἅμ’
929 609 1171 682 dicendorum
1186 614 1356 681 ποκᾶκοι

296 712 391 789 cidere
414 709 496 799 ἦτορ
521 717 615 801 ἔχων,
636 709 865 800 ἁλιπόρφυρος
886 717 997 798 εἴαρος
1020 710 1124 798 ὅροις,

212 837 293 900 quae
325 816 462 880 imitatus
495 822 545 877 est
572 815 624 877 hic
651 821 748 897 pocta
777 817 829 878 Vs.
844 817 907 880 250
934 837 1002 898 sqq.
1055 816 1202 882 Voluisse
1229 825 1355 899 poetam

211 921 274 983 hoc
295 919 398 1001 ipsum
421 916 615 1000 significare,
638 917 742 980 elucet
762 918 914 999 imprimis
938 937 977 982 ex
992 937 1043 996 co,
1065 921 1152 1001 quod
1172 918 1244 980 illas
1267 920 1354 1002 ejus-

212 1023 283 1086 dcm
306 1021 416 1084 classis
443 1037 518 1084 aves
546 1019 657 1096 binas,
684 1020 823 1102 reliquas
860 1041 968 1084 omues
991 1021 1128 1105 singulos
1155 1019 1294 1096 induxit,
1326 1029 1357 1084 et

212 1124 299 1206 quod
319 1123 412 1200 illas,
442 1131 477 1184 ut
499 1141 540 1184 ex
560 1124 614 1184 Vs.
632 1121 697 1186 298
718 1131 750 1186 et
771 1123 834 1188 299
862 1132 1008 1204 apparet,
1034 1125 1124 1205 juxta
1144 1121 1355 1203 ingredientes

211 1225 286 1288 fecit
307 1232 339 1287 et
358 1224 470 1307 procul
492 1224 589 1287 dubio
621 1226 715 1288 etiam
733 1229 825 1309 juxta
845 1225 1029 1304 collocatas,
1050 1233 1218 1309 postquam
1240 1224 1356 1288 statio-

211 1346 284 1389 nem
306 1333 458 1408 cepernnt
486 1325 518 1386 in
549 1327 722 1389 orchestra.
767 1325 866 1404 Quin,
900 1327 927 1390 si
955 1327 1072 1404 verba,
1105 1346 1188 1409 quae
1209 1336 1283 1391 sunt
1302 1329 1354 1389 Vs.

211 1429 275 1492 250
292 1447 379 1510 sqq.,
402 1427 515 1508 quibus
537 1428 808 1510 praesignificatur
828 1430 876 1508 id,
900 1431 988 1510 quod
1011 1426 1154 1514 κηρύλος
1174 1429 1268 1494 simul
1285 1449 1354 1494 curu

212 1530 356 1594 alcedine
378 1528 517 1606 advenit,
550 1549 621 1592 cnm
642 1531 819 1612 pulvisculo
842 1531 958 1594 luerint
979 1549 1129 1608 excussa,
1161 1529 1273 1615 Upupa
1302 1533 1354 1596 vi-

211 1633 279 1696 deri
300 1633 419 1709 poterit
446 1631 548 1695 solum
571 1629 717 1712 κηρύλοο
739 1634 913 1705 advocare,
935 1654 1000 1696 ucu
1031 1634 1127 1698 simul
1147 1635 1241 1698 etium
1264 1635 1355 1699 alce-

211 1731 333 1806 dinem;
365 1729 449 1792 unde
471 1727 584 1809 aliquis
607 1747 671 1792 non
693 1729 760 1790 sine
782 1730 890 1810 specio
917 1730 984 1792 veri
1006 1731 1219 1814 conjecturam
1241 1734 1354 1815 capiat,

210 1833 287 1918 fingi
319 1831 449 1897 omnino
471 1831 616 1912 Upupam
638 1831 794 1894 advocare
816 1831 1089 1896 voluissenullas
1115 1833 1176 1895 nisi
1197 1835 1353 1900 masculos
1413 1877 1416 1885 ·

211 1955 296 2002 aves.
317 1937 382 1998 Nec
403 1933 549 2017 prolecto
571 1933 641 1998 fieri
662 1941 778 2015 potest,
801 1935 875 2015 quin
898 1934 1031 1996 chorum
1048 1954 1088 1996 ex
1106 1933 1254 2000 masculis
1273 1957 1354 2004 cou-

210 2048 294 2104 staro
324 2038 435 2102 annus
458 2043 610 2114 statuant,
643 2037 697 2117 qui
727 2037 787 2100 sibi
814 2037 1044 2119 persuaserint,
1083 2055 1157 2100 eum
1190 2041 1353 2106 concionis

210 2141 322 2225 populi
341 2140 435 2204 Attici
462 2137 631 2222 imaginem
650 2139 783 2202 reterre.
825 2143 896 2204 Hoc
917 2140 1123 2204 certissimum
1143 2143 1282 2223 videtur,
1304 2165 1352 2226 ca,

210 2245 347 2328 quaein
369 2244 452 2306 hanc
474 2261 540 2304 rem
562 2241 720 2322 disputata
740 2251 813 2306 suut
841 2263 860 2308 a
881 2243 1069 2321 scholiasta,
1099 2244 1259 2328 exipsius
1283 2267 1353 2314 csse

210 2347 366 2410 sententia
386 2345 530 2428 prolata,
560 2365 656 2426 quum
677 2352 804 2424 cetera,
835 2348 948 2429 quibus
970 2347 1225 2427 debemichoris
1247 2369 1350 2416 sermo

211 2457 279 2527 cst,
313 2448 431 2513 tradita
464 2447 700 2527 acceperit-
732 2447 826 2522 Quod
850 2452 890 2512 ad
911 2450 1085 2534 ingressum
1117 2451 1206 2515 chori
1234 2455 1352 2533 attinet,

207 2550 485 2639 jausSuovernius
507 2555 594 2611 recte
615 2549 738 2613 monuit
767 2552 790 2613 1.
811 2572 838 2615 ο.
859 2572 892 2634 p.
906 2554 978 2629 101,
1001 2546 1086 2620 nand
1114 2555 1268 2645 οκοίχοιις
1297 2558 1352 2622 la-

210 2662 294 2718 ctum
308 2671 388 2716 esse.
419 2652 528 2715 Mirari
546 2652 638 2730 subit,
660 2653 747 2735 quod
766 2673 859 2716 uerno
878 2654 909 2715 in
926 2655 1031 2716 locum
1047 2675 1143 2736 supra
1161 2657 1351 2741 exscriptum

210 2754 385 2822 accuratius
407 2754 567 2836 inquisivit
589 2775 628 2819 eo
651 2755 733 2834 fine,
755 2764 788 2820 ut
810 2743 1048 2838 viderem-'quid
1070 2757 1111 2820 de
1132 2756 1267 2838 ratione,
1289 2781 1351 2842 qua

208 2858 391 2941 prodissent
412 2857 595 2935 choreutae,
618 2860 721 2941 deque
743 2879 853 2922 eorum
867 2859 1002 2921 statione
1028 2860 1060 2922 in
1085 2860 1249 2924 orchestra
1271 2864 1351 2926 effici

208 2966 326 3044 posset.
369 2959 546 3044 Disputavit
579 2961 619 3024 de
648 2962 699 3025 his
732 2961 827 3025 rebus
857 2960 1010 3042 imprimis
1034 2961 1246 3024 Schneiderus
1279 2965 1350 3026 bc.

209 3061 282 3125 adu.
304 3062 385 3139 190,
414 3081 447 3144 p.
471 3063 534 3125 190
558 3082 648 3145 sqq.,
692 3064 824 3146 copiose
856 3063 1000 3145 quidem,
1033 3062 1091 3126 sed
1122 3080 1188 3125 nou
1220 3064 1350 3128 omnino

206 3171 302 3228 recte.
344 3158 427 3228 Aves
461 3165 502 3228 ab
534 3184 575 3228 eo
606 3166 706 3228 latere
730 3166 889 3248 ingressas
919 3179 990 3230 osse
1020 3164 1230 3242 orchestram,
1266 3167 1350 3228 unde

144 3292 146 3299 ·
207 3265 348 3328 solerent
370 3267 407 3344 ii,
430 3288 511 3350 quos
533 3287 665 3352 peregre
693 3268 842 3331 advenire
863 3267 1051 3352 fingeretur,
1083 3267 1250 3349 probabile
1269 3287 1350 3345 esse,

41 3363 45 3373 '
160 3387 163 3390 ·
207 3386 302 3449 supra
324 3369 529 3431 ostendimus.
573 3371 742 3444 Quaeritur
758 3371 910 3452 primum,
942 3389 1023 3451 quae
1045 3369 1112 3434 avis
1135 3371 1350 3453 coryphaeum

206 3468 308 3553 egisse
338 3471 497 3532 credenda
529 3471 579 3532 sit
629 3473 702 3534 Non
737 3472 831 3536 video
864 3470 1011 3552 equidem
1040 3470 1155 3551 ullam,
1188 3473 1221 3534 iu
1254 3491 1350 3554 quam

204 3574 289 3636 hunc
311 3573 469 3637 honorem
492 3571 630 3636 delatum
652 3573 751 3636 fuisse
776 3591 880 3655 aequo
900 3575 972 3657 jure
995 3582 1158 3638 autumare
1178 3574 1275 3638 liceat
1297 3581 1350 3637 at-

205 3674 321 3753 quein
342 3684 510 3752 noctuam,
542 3675 750 3756 principalem
782 3676 870 3738 illam
903 3695 994 3741 avem
1028 3678 1172 3740 Atticam.
1225 3677 1350 3752 Quodsi

203 3791 312 3839 varum
333 3784 398 3855 est,
421 3787 569 3842 noctuam
591 3779 690 3842 luisse
713 3779 904 3864 choragum,
936 3780 1019 3842 ultro
1052 3780 1213 3861 sequitur,
1235 3785 1271 3842 ut
1292 3803 1351 3844 ιιι·

203 3869 356 3959 precepi,
386 3877 610 3964 κεβλήπυρις,
635 3873 746 3968 δρύοψ
779 3883 953 3946 secuudum
973 3884 1166 3966 praestantia
1188 3891 1221 3948 et
1242 3884 1351 3967 digui-

201 3982 267 4038 tate
286 3976 396 4041 lecum.
413 3983 581 4046 teuucriut.
633 3985 743 4066 ltaque
777 3986 925 4050 discimus
949 4005 988 4050 cx
1006 3987 1081 4050 loco
1111 3985 1243 4062 Comici,
1265 3985 1352 4048 cho·

200 4093 329 4162 rogum
351 4079 377 4142 si
400 4082 532 4145 chorum
559 4105 692 4168 peregre
713 4087 864 4154 advenire
892 4089 1079 4174 fingeretur,
1112 4089 1210 4154 tuisse
1243 4087 1352 4166 δεξιο-

200 4177 326 4268 codem
348 4189 380 4245 et
402 4183 541 4266 optimos
556 4188 722 4254 choreutas
741 4187 966 4272 διξιοοιύιαςς
991 4202 1085 4276 atque
1116 4193 1161 4258 lta
1179 4191 1280 4254 luisse
1298 4187 1354 4253 vel
