<?xml version="1.0" encoding="UTF-8"?>
<!DOCTYPE html PUBLIC "-//W3C//DTD XHTML 1.0 Transitional//EN"
    "http://www.w3.org/TR/xhtml1/DTD/xhtml1-transitional.dtd">
<html xmlns="http://www.w3.org/1999/xhtml" xml:lang="en" lang="en">
 <head>
  <title>
</title>
<meta http-equiv="Content-Type" content="text/html;charset=utf-8" />
  <meta name='ocr-system' content='tesseract 3.04.00' />
  <meta name='ocr-capabilities' content='ocr_page ocr_carea ocr_par ocr_line ocrx_word'/>
</head>
<body>
  <div class='ocr_page' id='page_1' title='image "./adversariainaea01wiesgoog_0054.png"; bbox 0 0 2910 4672; ppageno 0'>
   <div class='ocr_carea' id='block_1_1' title="bbox 541 83 754 144">
    <p class='ocr_par' dir='ltr' id='par_1_1' title="bbox 541 83 754 144">
     <span class='ocr_line' id='line_1_1' title="bbox 541 83 754 144; baseline 0 -14"><span class='ocrx_word' id='word_1_1' title='bbox 541 83 754 144; x_wconf 84' lang='lat' dir='ltr'><strong>-ll-</strong></span> 
     </span>
    </p>
   </div>
   <div class='ocr_carea' id='block_1_2' title="bbox 74 247 1210 2603">
    <p class='ocr_par' dir='ltr' id='par_1_2' title="bbox 74 247 1210 2603">
     <span class='ocr_line' id='line_1_2' title="bbox 83 247 1210 332; baseline 0.003 -21"><span class='ocrx_word' id='word_1_2' title='bbox 83 249 128 311; x_wconf 92' lang='lat' dir='ltr'><strong>tio</strong></span> <span class='ocrx_word' id='word_1_3' title='bbox 150 247 278 331; x_wconf 84' lang='lat' dir='ltr'><strong>quidem</strong></span> <span class='ocrx_word' id='word_1_4' title='bbox 314 268 371 329; x_wconf 88' lang='lat' dir='ltr'><strong>per</strong></span> <span class='ocrx_word' id='word_1_5' title='bbox 398 267 433 310; x_wconf 89' lang='lat' dir='ltr'><strong>se</strong></span> <span class='ocrx_word' id='word_1_6' title='bbox 455 249 532 312; x_wconf 87' lang='lat' dir='ltr'><strong>satis</strong></span> <span class='ocrx_word' id='word_1_7' title='bbox 552 249 635 312; x_wconf 91' lang='lat' dir='ltr'><strong>bene</strong></span> <span class='ocrx_word' id='word_1_8' title='bbox 665 267 761 330; x_wconf 87' lang='lat' dir='ltr'><strong>posse</strong></span> <span class='ocrx_word' id='word_1_9' title='bbox 787 248 918 332; x_wconf 90' lang='lat' dir='ltr'><strong>figurate</strong></span> <span class='ocrx_word' id='word_1_10' title='bbox 941 249 1057 315; x_wconf 87' lang='lat' dir='ltr'><strong>dictum</strong></span> <span class='ocrx_word' id='word_1_11' title='bbox 1078 270 1151 314; x_wconf 90' lang='lat' dir='ltr'><strong>esse</strong></span> <span class='ocrx_word' id='word_1_12' title='bbox 1172 254 1210 316; x_wconf 93' lang='lat' dir='ltr'><strong>de</strong></span> 
     </span>
     <span class='ocr_line' id='line_1_3' title="bbox 84 350 1209 436; baseline 0.003 -21"><span class='ocrx_word' id='word_1_13' title='bbox 84 352 170 435; x_wconf 85' lang='lat' dir='ltr'><strong>gravi</strong></span> <span class='ocrx_word' id='word_1_14' title='bbox 192 359 224 414; x_wconf 88' lang='lat' dir='ltr'><strong>et</strong></span> <span class='ocrx_word' id='word_1_15' title='bbox 244 352 344 422; x_wconf 80' lang='lat' dir='ltr'><strong>fastus</strong></span> <span class='ocrx_word' id='word_1_16' title='bbox 366 350 460 433; x_wconf 89' lang='lat' dir='ltr'><strong>plena</strong></span> <span class='ocrx_word' id='word_1_17' title='bbox 481 351 648 417; x_wconf 85' lang='lat' dir='ltr'><strong>incedendi</strong></span> <span class='ocrx_word' id='word_1_18' title='bbox 669 351 792 416; x_wconf 89' lang='lat' dir='ltr'><strong>ratione</strong></span> <span class='ocrx_word' id='word_1_19' title='bbox 814 352 904 434; x_wconf 85' lang='lat' dir='ltr'><strong>gallo·</strong></span> <span class='ocrx_word' id='word_1_20' title='bbox 928 353 1103 434; x_wconf 83' lang='lat' dir='ltr'><strong>gallinaceo</strong></span> <span class='ocrx_word' id='word_1_21' title='bbox 1127 372 1209 436; x_wconf 92' lang='lat' dir='ltr'><strong>pro-</strong></span> 
     </span>
     <span class='ocr_line' id='line_1_4' title="bbox 82 453 1208 542; baseline 0.008 -25"><span class='ocrx_word' id='word_1_22' title='bbox 82 454 167 536; x_wconf 90' lang='lat' dir='ltr'><strong>pria,</strong></span> <span class='ocrx_word' id='word_1_23' title='bbox 189 473 282 536; x_wconf 85' lang='lat' dir='ltr'><strong>quam</strong></span> <span class='ocrx_word' id='word_1_24' title='bbox 298 454 426 536; x_wconf 86' lang='lat' dir='ltr'><strong>attingit</strong></span> <span class='ocrx_word' id='word_1_25' title='bbox 444 454 496 518; x_wconf 92' lang='lat' dir='ltr'><strong>hic</strong></span> <span class='ocrx_word' id='word_1_26' title='bbox 517 461 614 536; x_wconf 87' lang='lat' dir='ltr'><strong>pocta</strong></span> <span class='ocrx_word' id='word_1_27' title='bbox 638 455 730 518; x_wconf 89' lang='lat' dir='ltr'><strong>etiam</strong></span> <span class='ocrx_word' id='word_1_28' title='bbox 751 457 804 518; x_wconf 83' lang='lat' dir='ltr'><strong>Vs.</strong></span> <span class='ocrx_word' id='word_1_29' title='bbox 817 455 879 520; x_wconf 85' lang='grc'><strong>486</strong></span> <span class='ocrx_word' id='word_1_30' title='bbox 899 457 997 519; x_wconf 86' lang='lat' dir='ltr'><strong>verbo</strong></span> <span class='ocrx_word' id='word_1_31' title='bbox 1025 453 1208 542; x_wconf 62' lang='lat' dir='ltr'><strong>claudicare·</strong></span> 
     </span>
     <span class='ocr_line' id='line_1_5' title="bbox 84 557 1210 642; baseline -0.001 -19"><span class='ocrx_word' id='word_1_32' title='bbox 84 578 184 642; x_wconf 87' lang='lat' dir='ltr'><strong>aeque</strong></span> <span class='ocrx_word' id='word_1_33' title='bbox 206 567 301 640; x_wconf 89' lang='lat' dir='ltr'><strong>atque</strong></span> <span class='ocrx_word' id='word_1_34' title='bbox 331 578 390 622; x_wconf 90' lang='lat' dir='ltr'><strong>uos</strong></span> <span class='ocrx_word' id='word_1_35' title='bbox 422 559 568 634; x_wconf 81' lang='lat' dir='ltr'><strong>Germani</strong></span> <span class='ocrx_word' id='word_1_36' title='bbox 597 577 667 622; x_wconf 85' lang='lat' dir='ltr'><strong>eum</strong></span> <span class='ocrx_word' id='word_1_37' title='bbox 695 557 796 641; x_wconf 85' lang='lat' dir='ltr'><strong>ligura</strong></span> <span class='ocrx_word' id='word_1_38' title='bbox 825 559 954 622; x_wconf 86' lang='lat' dir='ltr'><strong>dicimus</strong></span> <span class='ocrx_word' id='word_1_39' title='bbox 987 559 1059 622; x_wconf 83' lang='lat' dir='ltr'><strong>«aul</strong></span> <span class='ocrx_word' id='word_1_40' title='bbox 1087 559 1210 622; x_wconf 86' lang='lat' dir='ltr'><strong>Stclzeu</strong></span> 
     </span>
     <span class='ocr_line' id='line_1_6' title="bbox 83 659 1208 746; baseline -0.004 -18"><span class='ocrx_word' id='word_1_41' title='bbox 83 666 225 746; x_wconf 68' lang='lat' dir='ltr'><strong>gelren»,</strong></span> <span class='ocrx_word' id='word_1_42' title='bbox 245 669 276 725; x_wconf 87' lang='lat' dir='ltr'><strong>et</strong></span> <span class='ocrx_word' id='word_1_43' title='bbox 293 679 408 726; x_wconf 86' lang='lat' dir='ltr'><strong>censeo</strong></span> <span class='ocrx_word' id='word_1_44' title='bbox 431 661 586 743; x_wconf 79' lang='lat' dir='ltr'>equidem,</span> <span class='ocrx_word' id='word_1_45' title='bbox 606 659 694 723; x_wconf 92' lang='lat' dir='ltr'><strong>illum</strong></span> <span class='ocrx_word' id='word_1_46' title='bbox 710 661 873 744; x_wconf 83' lang='lat' dir='ltr'><strong>gradiendi</strong></span> <span class='ocrx_word' id='word_1_47' title='bbox 894 662 1022 732; x_wconf 88' lang='lat' dir='ltr'><strong>modum</strong></span> <span class='ocrx_word' id='word_1_48' title='bbox 1043 661 1134 724; x_wconf 91' lang='lat' dir='ltr'><strong>simul</strong></span> <span class='ocrx_word' id='word_1_49' title='bbox 1149 682 1208 724; x_wconf 89' lang='lat' dir='ltr'><strong>re-</strong></span> 
     </span>
     <span class='ocr_line' id='line_1_7' title="bbox 82 765 1210 850; baseline 0.001 -23"><span class='ocrx_word' id='word_1_50' title='bbox 82 766 181 830; x_wconf 90' lang='lat' dir='ltr'><strong>latum</strong></span> <span class='ocrx_word' id='word_1_51' title='bbox 203 784 274 828; x_wconf 87' lang='lat' dir='ltr'><strong>esse</strong></span> <span class='ocrx_word' id='word_1_52' title='bbox 296 766 336 827; x_wconf 92' lang='lat' dir='ltr'><strong>ab</strong></span> <span class='ocrx_word' id='word_1_53' title='bbox 359 784 417 842; x_wconf 86' lang='lat' dir='ltr'><strong>ec,</strong></span> <span class='ocrx_word' id='word_1_54' title='bbox 451 767 504 846; x_wconf 91' lang='lat' dir='ltr'><strong>qui</strong></span> <span class='ocrx_word' id='word_1_55' title='bbox 527 765 641 847; x_wconf 87' lang='lat' dir='ltr'><strong>gallum</strong></span> <span class='ocrx_word' id='word_1_56' title='bbox 663 765 870 850; x_wconf 86' lang='lat' dir='ltr'><strong>gallinaceum</strong></span> <span class='ocrx_word' id='word_1_57' title='bbox 893 765 1019 848; x_wconf 85' lang='lat' dir='ltr'><strong>agebat,</strong></span> <span class='ocrx_word' id='word_1_58' title='bbox 1053 765 1210 847; x_wconf 70' lang='lat' dir='ltr'><strong>adeptam</strong></span> 
     </span>
     <span class='ocr_line' id='line_1_8' title="bbox 84 866 1207 951; baseline 0.004 -21"><span class='ocrx_word' id='word_1_59' title='bbox 84 887 149 930; x_wconf 89' lang='lat' dir='ltr'><strong>rem</strong></span> <span class='ocrx_word' id='word_1_60' title='bbox 170 887 236 938; x_wconf 88' lang='lat' dir='ltr'><strong>uon</strong></span> <span class='ocrx_word' id='word_1_61' title='bbox 268 868 375 949; x_wconf 85' lang='lat' dir='ltr'><strong>inepte</strong></span> <span class='ocrx_word' id='word_1_62' title='bbox 405 867 517 949; x_wconf 82' lang='lat' dir='ltr'><strong>aliquis</strong></span> <span class='ocrx_word' id='word_1_63' title='bbox 551 869 663 933; x_wconf 82' lang='lat' dir='ltr'>dixerit</span> <span class='ocrx_word' id='word_1_64' title='bbox 694 877 837 951; x_wconf 88' lang='lat' dir='ltr'><strong>spectare</strong></span> <span class='ocrx_word' id='word_1_65' title='bbox 868 869 1031 950; x_wconf 86' lang='lat' dir='ltr'><strong>epitheton</strong></span> <span class='ocrx_word' id='word_1_66' title='bbox 1064 866 1207 946; x_wconf 54' lang='lat' dir='ltr'><strong>oisonem</strong></span> 
     </span>
     <span class='ocr_line' id='line_1_9' title="bbox 81 965 1208 1057; baseline 0.004 -23"><span class='ocrx_word' id='word_1_67' title='bbox 81 972 147 1048; x_wconf 85' lang='lat' dir='ltr'><strong>sed,</strong></span> <span class='ocrx_word' id='word_1_68' title='bbox 171 971 265 1036; x_wconf 80' lang='lat' dir='ltr'><strong>etiem</strong></span> <span class='ocrx_word' id='word_1_69' title='bbox 281 971 411 1052; x_wconf 81' lang='lat' dir='ltr'><strong>proprio</strong></span> <span class='ocrx_word' id='word_1_70' title='bbox 430 991 523 1036; x_wconf 88' lang='lat' dir='ltr'><strong>sensu</strong></span> <span class='ocrx_word' id='word_1_71' title='bbox 542 973 727 1054; x_wconf 84' lang='lat' dir='ltr'><strong>capiendum</strong></span> <span class='ocrx_word' id='word_1_72' title='bbox 746 992 815 1039; x_wconf 87' lang='lat' dir='ltr'><strong>esse</strong></span> <span class='ocrx_word' id='word_1_73' title='bbox 832 973 1019 1040; x_wconf 79' lang='lat' dir='ltr'><strong>uocabulum</strong></span> <span class='ocrx_word' id='word_1_74' title='bbox 1036 965 1208 1057; x_wconf 75' lang='grc' dir='ltr'><strong><em>ὀριβοὶσης,</em></strong></span> 
     </span>
     <span class='ocr_line' id='line_1_10' title="bbox 81 1075 1208 1157; baseline 0 -19"><span class='ocrx_word' id='word_1_75' title='bbox 81 1083 116 1138; x_wconf 90' lang='lat' dir='ltr'><strong>ut</strong></span> <span class='ocrx_word' id='word_1_76' title='bbox 136 1076 319 1152; x_wconf 81' lang='lat' dir='ltr'><strong>credamus,</strong></span> <span class='ocrx_word' id='word_1_77' title='bbox 347 1076 398 1138; x_wconf 84' lang='lat' dir='ltr'><strong>vel</strong></span> <span class='ocrx_word' id='word_1_78' title='bbox 431 1093 470 1138; x_wconf 89' lang='lat' dir='ltr'><strong>ea</strong></span> <span class='ocrx_word' id='word_1_79' title='bbox 502 1075 574 1140; x_wconf 88' lang='lat' dir='ltr'><strong>sola</strong></span> <span class='ocrx_word' id='word_1_80' title='bbox 607 1076 712 1144; x_wconf 81' lang='lat' dir='ltr'><strong>fauere</strong></span> <span class='ocrx_word' id='word_1_81' title='bbox 737 1076 875 1150; x_wconf 86' lang='lat' dir='ltr'><strong>debent,</strong></span> <span class='ocrx_word' id='word_1_82' title='bbox 903 1093 984 1156; x_wconf 70' lang='lat' dir='ltr'><strong>iprae</strong></span> <span class='ocrx_word' id='word_1_83' title='bbox 1005 1075 1113 1157; x_wconf 91' lang='lat' dir='ltr'><strong>paullo</strong></span> <span class='ocrx_word' id='word_1_84' title='bbox 1136 1083 1208 1138; x_wconf 88' lang='lat' dir='ltr'><strong>ante</strong></span> 
     </span>
     <span class='ocr_line' id='line_1_11' title="bbox 81 1161 1207 1258; baseline 0.001 -17"><span class='ocrx_word' id='word_1_85' title='bbox 81 1179 243 1242; x_wconf 84' lang='lat' dir='ltr'><strong>attulimus</strong></span> <span class='ocrx_word' id='word_1_86' title='bbox 264 1161 519 1242; x_wconf 56' lang='lat' dir='ltr'><strong>similiter&#39;dicta.</strong></span> <span class='ocrx_word' id='word_1_87' title='bbox 561 1179 617 1242; x_wconf 88' lang='lat' dir='ltr'><strong>Est</strong></span> <span class='ocrx_word' id='word_1_88' title='bbox 638 1186 744 1242; x_wconf 89' lang='lat' dir='ltr'><strong>autem</strong></span> <span class='ocrx_word' id='word_1_89' title='bbox 769 1197 839 1242; x_wconf 89' lang='lat' dir='ltr'><strong>cum</strong></span> <span class='ocrx_word' id='word_1_90' title='bbox 860 1177 923 1242; x_wconf 92' lang='lat' dir='ltr'><strong>hoc</strong></span> <span class='ocrx_word' id='word_1_91' title='bbox 954 1177 1093 1258; x_wconf 87' lang='lat' dir='ltr'><strong>epitheto</strong></span> <span class='ocrx_word' id='word_1_92' title='bbox 1116 1197 1207 1242; x_wconf 88' lang='lat' dir='ltr'><strong>com-</strong></span> 
     </span>
     <span class='ocr_line' id='line_1_12' title="bbox 78 1279 1206 1365; baseline -0.002 -19"><span class='ocrx_word' id='word_1_93' title='bbox 78 1283 263 1363; x_wconf 86' lang='lat' dir='ltr'><strong>ponendum</strong></span> <span class='ocrx_word' id='word_1_94' title='bbox 284 1281 474 1360; x_wconf 83' lang='lat' dir='ltr'><strong>arctissime,</strong></span> <span class='ocrx_word' id='word_1_95' title='bbox 508 1283 594 1365; x_wconf 85' lang='lat' dir='ltr'><strong>quod</strong></span> <span class='ocrx_word' id='word_1_96' title='bbox 622 1282 704 1346; x_wconf 82' lang='lat' dir='ltr'><strong>inira</strong></span> <span class='ocrx_word' id='word_1_97' title='bbox 732 1284 785 1346; x_wconf 87' lang='lat' dir='ltr'><strong>Vs.</strong></span> <span class='ocrx_word' id='word_1_98' title='bbox 807 1282 871 1344; x_wconf 83' lang='grc'><strong>836</strong></span> <span class='ocrx_word' id='word_1_99' title='bbox 893 1279 994 1362; x_wconf 82' lang='lat' dir='ltr'><strong>gellus</strong></span> <span class='ocrx_word' id='word_1_100' title='bbox 1016 1279 1206 1363; x_wconf 87' lang='lat' dir='ltr'><strong>gallinaceus</strong></span> 
     </span>
     <span class='ocr_line' id='line_1_13' title="bbox 79 1384 1207 1471; baseline -0.004 -23"><span class='ocrx_word' id='word_1_101' title='bbox 79 1386 197 1450; x_wconf 86' lang='lat' dir='ltr'><strong>dicitur</strong></span> <span class='ocrx_word' id='word_1_102' title='bbox 217 1384 401 1471; x_wconf 72' lang='grc' dir='ltr'><strong><em>ἐπιτήδειος</em></strong></span> <span class='ocrx_word' id='word_1_103' title='bbox 423 1389 523 1454; x_wconf 78' lang='grc' dir='ltr'><strong><em>οἰκεῖν</em></strong></span> <span class='ocrx_word' id='word_1_104' title='bbox 544 1388 598 1453; x_wconf 78' lang='lat' dir='ltr'><strong>inl</strong></span> <span class='ocrx_word' id='word_1_105' title='bbox 622 1385 763 1470; x_wconf 74' lang='grc' dir='ltr'><strong><em>πατρῶν,</em></strong></span> <span class='ocrx_word' id='word_1_106' title='bbox 785 1403 866 1465; x_wconf 89' lang='lat' dir='ltr'><strong>qnae</strong></span> <span class='ocrx_word' id='word_1_107' title='bbox 889 1384 998 1458; x_wconf 86' lang='lat' dir='ltr'><strong>verbu,</strong></span> <span class='ocrx_word' id='word_1_108' title='bbox 1027 1401 1046 1445; x_wconf 91' lang='lat' dir='ltr'><strong>a</strong></span> <span class='ocrx_word' id='word_1_109' title='bbox 1069 1386 1207 1444; x_wconf 84' lang='lat' dir='ltr'><strong>Suever-</strong></span> 
     </span>
     <span class='ocr_line' id='line_1_14' title="bbox 79 1485 1207 1570; baseline -0.004 -18"><span class='ocrx_word' id='word_1_110' title='bbox 79 1491 155 1562; x_wconf 89' lang='lat' dir='ltr'><strong>niu,</strong></span> <span class='ocrx_word' id='word_1_111' title='bbox 177 1488 197 1550; x_wconf 92' lang='lat' dir='ltr'><strong>l.</strong></span> <span class='ocrx_word' id='word_1_112' title='bbox 220 1510 246 1552; x_wconf 88' lang='grc' dir='ltr'><strong>ο.</strong></span> <span class='ocrx_word' id='word_1_113' title='bbox 266 1511 297 1568; x_wconf 88' lang='lat' dir='ltr'><strong>p.</strong></span> <span class='ocrx_word' id='word_1_114' title='bbox 315 1492 372 1568; x_wconf 81' lang='lat'><strong>63,</strong></span> <span class='ocrx_word' id='word_1_115' title='bbox 402 1489 485 1553; x_wconf 89' lang='lat' dir='ltr'><strong>malo</strong></span> <span class='ocrx_word' id='word_1_116' title='bbox 506 1489 683 1566; x_wconf 86' lang='lat' dir='ltr'><strong>intellecta,</strong></span> <span class='ocrx_word' id='word_1_117' title='bbox 710 1494 855 1569; x_wconf 86' lang='lat' dir='ltr'><strong>respectu</strong></span> <span class='ocrx_word' id='word_1_118' title='bbox 877 1487 962 1570; x_wconf 89' lang='lat' dir='ltr'><strong>ejus,</strong></span> <span class='ocrx_word' id='word_1_119' title='bbox 985 1485 1038 1567; x_wconf 93' lang='lat' dir='ltr'><strong>qui</strong></span> <span class='ocrx_word' id='word_1_120' title='bbox 1060 1485 1102 1547; x_wconf 92' lang='lat' dir='ltr'><strong>ob</strong></span> <span class='ocrx_word' id='word_1_121' title='bbox 1126 1503 1207 1548; x_wconf 86' lang='lat' dir='ltr'><strong>ocu-</strong></span> 
     </span>
     <span class='ocr_line' id='line_1_15' title="bbox 80 1587 1207 1672; baseline 0 -22"><span class='ocrx_word' id='word_1_122' title='bbox 80 1590 132 1651; x_wconf 91' lang='lat' dir='ltr'><strong>los</strong></span> <span class='ocrx_word' id='word_1_123' title='bbox 155 1587 352 1666; x_wconf 82' lang='lat' dir='ltr'><strong>versabatur,</strong></span> <span class='ocrx_word' id='word_1_124' title='bbox 374 1588 449 1672; x_wconf 84' lang='lat' dir='ltr'><strong>galli</strong></span> <span class='ocrx_word' id='word_1_125' title='bbox 471 1593 636 1672; x_wconf 83' lang='lat' dir='ltr'><strong>gallinacei</strong></span> <span class='ocrx_word' id='word_1_126' title='bbox 656 1591 783 1671; x_wconf 88' lang='lat' dir='ltr'><strong>prelata</strong></span> <span class='ocrx_word' id='word_1_127' title='bbox 805 1610 892 1667; x_wconf 88' lang='lat' dir='ltr'><strong>esse,</strong></span> <span class='ocrx_word' id='word_1_128' title='bbox 920 1590 1002 1651; x_wconf 91' lang='lat' dir='ltr'><strong>inlra</strong></span> <span class='ocrx_word' id='word_1_129' title='bbox 1032 1589 1126 1651; x_wconf 89' lang='lat' dir='ltr'><strong>etiam</strong></span> <span class='ocrx_word' id='word_1_130' title='bbox 1147 1606 1207 1650; x_wconf 87' lang='lat' dir='ltr'><strong>ao—</strong></span> 
     </span>
     <span class='ocr_line' id='line_1_16' title="bbox 80 1688 1207 1774; baseline 0.001 -24"><span class='ocrx_word' id='word_1_131' title='bbox 80 1689 217 1751; x_wconf 87' lang='lat' dir='ltr'><strong>curatius</strong></span> <span class='ocrx_word' id='word_1_132' title='bbox 251 1688 395 1752; x_wconf 88' lang='lat' dir='ltr'><strong>elucebit.</strong></span> <span class='ocrx_word' id='word_1_133' title='bbox 448 1691 603 1774; x_wconf 82' lang='lat' dir='ltr'><strong>Flagitaut</strong></span> <span class='ocrx_word' id='word_1_134' title='bbox 635 1701 738 1768; x_wconf 88' lang='lat' dir='ltr'><strong>autem</strong></span> <span class='ocrx_word' id='word_1_135' title='bbox 774 1692 867 1755; x_wconf 89' lang='lat' dir='ltr'><strong>etiam</strong></span> <span class='ocrx_word' id='word_1_136' title='bbox 896 1691 992 1770; x_wconf 87' lang='lat' dir='ltr'><strong>haec,</strong></span> <span class='ocrx_word' id='word_1_137' title='bbox 1029 1697 1063 1752; x_wconf 89' lang='lat' dir='ltr'><strong>ut</strong></span> <span class='ocrx_word' id='word_1_138' title='bbox 1095 1707 1207 1752; x_wconf 81' lang='lat' dir='ltr'><strong>rocem</strong></span> 
     </span>
     <span class='ocr_line' id='line_1_17' title="bbox 80 1789 1207 1884; baseline -0.001 -27"><span class='ocrx_word' id='word_1_139' title='bbox 80 1789 242 1878; x_wconf 71' lang='grc' dir='ltr'><strong><em>ὀριβοὶοης</em></strong></span> <span class='ocrx_word' id='word_1_140' title='bbox 273 1793 481 1854; x_wconf 80' lang='lat' dir='ltr'><strong>existimemus</strong></span> <span class='ocrx_word' id='word_1_141' title='bbox 503 1794 629 1874; x_wconf 89' lang='lat' dir='ltr'><strong>proprie</strong></span> <span class='ocrx_word' id='word_1_142' title='bbox 652 1795 763 1856; x_wconf 89' lang='lat' dir='ltr'><strong>dictam</strong></span> <span class='ocrx_word' id='word_1_143' title='bbox 788 1793 827 1856; x_wconf 83' lang='lat' dir='ltr'><strong>de</strong></span> <span class='ocrx_word' id='word_1_144' title='bbox 855 1815 909 1871; x_wconf 86' lang='lat' dir='ltr'><strong>eo,</strong></span> <span class='ocrx_word' id='word_1_145' title='bbox 944 1793 1002 1884; x_wconf 80' lang='lat' dir='ltr'><strong>qui</strong></span> <span class='ocrx_word' id='word_1_146' title='bbox 1032 1793 1069 1854; x_wconf 82' lang='lat' dir='ltr'><strong>in</strong></span> <span class='ocrx_word' id='word_1_147' title='bbox 1097 1801 1207 1856; x_wconf 82' lang='lat' dir='ltr'><strong>monte</strong></span> 
     </span>
     <span class='ocr_line' id='line_1_18' title="bbox 80 1893 1206 1978; baseline -0.001 -20"><span class='ocrx_word' id='word_1_148' title='bbox 80 1893 212 1960; x_wconf 75' lang='lat' dir='ltr'><strong>incedit.</strong></span> <span class='ocrx_word' id='word_1_149' title='bbox 256 1894 339 1968; x_wconf 89' lang='lat' dir='ltr'><strong>Quid</strong></span> <span class='ocrx_word' id='word_1_150' title='bbox 360 1894 482 1956; x_wconf 84' lang='lat' dir='ltr'><strong>multat</strong></span> <span class='ocrx_word' id='word_1_151' title='bbox 524 1897 593 1956; x_wconf 90' lang='lat' dir='ltr'><strong>Nou</strong></span> <span class='ocrx_word' id='word_1_152' title='bbox 619 1903 725 1975; x_wconf 90' lang='lat' dir='ltr'><strong>potest</strong></span> <span class='ocrx_word' id='word_1_153' title='bbox 752 1898 817 1978; x_wconf 83' lang='lat' dir='ltr'><strong>jam</strong></span> <span class='ocrx_word' id='word_1_154' title='bbox 850 1895 977 1958; x_wconf 91' lang='lat' dir='ltr'><strong>dubium</strong></span> <span class='ocrx_word' id='word_1_155' title='bbox 1010 1913 1097 1970; x_wconf 87' lang='lat' dir='ltr'><strong>essa,</strong></span> <span class='ocrx_word' id='word_1_156' title='bbox 1131 1899 1206 1976; x_wconf 89' lang='lat' dir='ltr'><strong>quin</strong></span> 
     </span>
     <span class='ocr_line' id='line_1_19' title="bbox 79 1994 1206 2080; baseline -0.004 -14"><span class='ocrx_word' id='word_1_157' title='bbox 79 1994 218 2080; x_wconf 78' lang='grc' dir='ltr'><strong><em>λόφωσις</em></strong></span> <span class='ocrx_word' id='word_1_158' title='bbox 247 1996 351 2060; x_wconf 87' lang='lat' dir='ltr'><strong>avium</strong></span> <span class='ocrx_word' id='word_1_159' title='bbox 376 1996 543 2060; x_wconf 82' lang='lat' dir='ltr'><strong>referenda</strong></span> <span class='ocrx_word' id='word_1_160' title='bbox 569 1995 610 2058; x_wconf 89' lang='lat' dir='ltr'><strong>sit</strong></span> <span class='ocrx_word' id='word_1_161' title='bbox 638 1998 679 2060; x_wconf 88' lang='lat' dir='ltr'><strong>ad</strong></span> <span class='ocrx_word' id='word_1_162' title='bbox 706 1997 850 2060; x_wconf 84' lang='lat' dir='ltr'><strong>sandalia</strong></span> <span class='ocrx_word' id='word_1_163' title='bbox 877 1997 1023 2078; x_wconf 88' lang='lat' dir='ltr'><strong>ipsarum.</strong></span> <span class='ocrx_word' id='word_1_164' title='bbox 1066 2001 1114 2062; x_wconf 86' lang='lat' dir='ltr'><strong>&#39;Et</strong></span> <span class='ocrx_word' id='word_1_165' title='bbox 1133 2001 1206 2062; x_wconf 85' lang='lat' dir='ltr'><strong>vido</strong></span> 
     </span>
     <span class='ocr_line' id='line_1_20' title="bbox 77 2102 1203 2188; baseline -0.003 -20"><span class='ocrx_word' id='word_1_166' title='bbox 77 2107 156 2188; x_wconf 84' lang='lat' dir='ltr'><strong>jam,</strong></span> <span class='ocrx_word' id='word_1_167' title='bbox 183 2121 276 2187; x_wconf 91' lang='lat' dir='ltr'><strong>qnam</strong></span> <span class='ocrx_word' id='word_1_168' title='bbox 299 2104 422 2187; x_wconf 85' lang='lat' dir='ltr'><strong>egregie</strong></span> <span class='ocrx_word' id='word_1_169' title='bbox 444 2104 524 2168; x_wconf 90' lang='lat' dir='ltr'><strong>haec</strong></span> <span class='ocrx_word' id='word_1_170' title='bbox 544 2103 768 2185; x_wconf 88' lang='lat' dir='ltr'><strong>interpretandi</strong></span> <span class='ocrx_word' id='word_1_171' title='bbox 791 2103 871 2169; x_wconf 90' lang='lat' dir='ltr'><strong>ratio</strong></span> <span class='ocrx_word' id='word_1_172' title='bbox 895 2102 1026 2184; x_wconf 89' lang='lat' dir='ltr'><strong>quadret</strong></span> <span class='ocrx_word' id='word_1_173' title='bbox 1048 2103 1140 2164; x_wconf 89' lang='lat' dir='ltr'><strong>ctiam</strong></span> <span class='ocrx_word' id='word_1_174' title='bbox 1162 2105 1203 2166; x_wconf 89' lang='lat' dir='ltr'><strong>ed</strong></span> 
     </span>
     <span class='ocr_line' id='line_1_21' title="bbox 80 2206 1205 2291; baseline -0.005 -15"><span class='ocrx_word' id='word_1_175' title='bbox 80 2233 134 2276; x_wconf 91' lang='lat' dir='ltr'><strong>cos</strong></span> <span class='ocrx_word' id='word_1_176' title='bbox 156 2211 266 2282; x_wconf 89' lang='lat' dir='ltr'><strong>locos,</strong></span> <span class='ocrx_word' id='word_1_177' title='bbox 293 2210 405 2289; x_wconf 88' lang='lat' dir='ltr'><strong>quibus</strong></span> <span class='ocrx_word' id='word_1_178' title='bbox 434 2210 621 2274; x_wconf 87' lang='lat' dir='ltr'><strong>vocabulum</strong></span> <span class='ocrx_word' id='word_1_179' title='bbox 643 2206 744 2291; x_wconf 78' lang='grc' dir='ltr'><strong><em>λόφος</em></strong></span> <span class='ocrx_word' id='word_1_180' title='bbox 765 2210 809 2272; x_wconf 85' lang='lat' dir='ltr'><strong>ita</strong></span> <span class='ocrx_word' id='word_1_181' title='bbox 829 2209 965 2290; x_wconf 88' lang='lat' dir='ltr'><strong>positum</strong></span> <span class='ocrx_word' id='word_1_182' title='bbox 988 2215 1051 2284; x_wconf 91' lang='lat' dir='ltr'><strong>est,</strong></span> <span class='ocrx_word' id='word_1_183' title='bbox 1074 2216 1123 2284; x_wconf 88' lang='lat' dir='ltr'><strong>ut,</strong></span> <span class='ocrx_word' id='word_1_184' title='bbox 1145 2209 1205 2270; x_wconf 90' lang='lat' dir='ltr'><strong>nisi</strong></span> 
     </span>
     <span class='ocr_line' id='line_1_22' title="bbox 78 2312 1205 2394; baseline -0.006 -15"><span class='ocrx_word' id='word_1_185' title='bbox 78 2315 222 2379; x_wconf 84' lang='lat' dir='ltr'><strong>Comicus</strong></span> <span class='ocrx_word' id='word_1_186' title='bbox 245 2321 329 2376; x_wconf 89' lang='lat' dir='ltr'><strong>esset</strong></span> <span class='ocrx_word' id='word_1_187' title='bbox 360 2313 603 2394; x_wconf 79' lang='lat' dir='ltr'><strong>Aristophanes,</strong></span> <span class='ocrx_word' id='word_1_188' title='bbox 631 2313 670 2375; x_wconf 92' lang='lat' dir='ltr'><strong>de</strong></span> <span class='ocrx_word' id='word_1_189' title='bbox 693 2312 785 2375; x_wconf 90' lang='lat' dir='ltr'><strong>crista</strong></span> <span class='ocrx_word' id='word_1_190' title='bbox 806 2332 871 2377; x_wconf 90' lang='lat' dir='ltr'><strong>uon</strong></span> <span class='ocrx_word' id='word_1_191' title='bbox 892 2318 999 2391; x_wconf 89' lang='lat' dir='ltr'><strong>posset</strong></span> <span class='ocrx_word' id='word_1_192' title='bbox 1019 2330 1084 2372; x_wconf 89' lang='lat' dir='ltr'><strong>nou</strong></span> <span class='ocrx_word' id='word_1_193' title='bbox 1109 2332 1205 2374; x_wconf 85' lang='lat' dir='ltr'><strong>usur-</strong></span> 
     </span>
     <span class='ocr_line' id='line_1_23' title="bbox 75 2413 1205 2499; baseline -0.002 -21"><span class='ocrx_word' id='word_1_194' title='bbox 75 2423 186 2499; x_wconf 90' lang='lat' dir='ltr'><strong>patum</strong></span> <span class='ocrx_word' id='word_1_195' title='bbox 208 2433 286 2478; x_wconf 78' lang='lat' dir='ltr'><strong>esse.</strong></span> <span class='ocrx_word' id='word_1_196' title='bbox 329 2414 391 2478; x_wconf 90' lang='lat' dir='ltr'><strong>Sed</strong></span> <span class='ocrx_word' id='word_1_197' title='bbox 410 2414 536 2498; x_wconf 76' lang='lat' dir='ltr'><strong>egregie</strong></span> <span class='ocrx_word' id='word_1_198' title='bbox 555 2416 627 2481; x_wconf 85' lang='lat' dir='ltr'><strong>lusit</strong></span> <span class='ocrx_word' id='word_1_199' title='bbox 641 2421 737 2496; x_wconf 90' lang='lat' dir='ltr'><strong>pocla</strong></span> <span class='ocrx_word' id='word_1_200' title='bbox 754 2414 967 2486; x_wconf 81' lang='lat' dir='ltr'><strong>facetissimus.</strong></span> <span class='ocrx_word' id='word_1_201' title='bbox 1011 2414 1104 2488; x_wconf 87' lang='lat' dir='ltr'><strong>Quod</strong></span> <span class='ocrx_word' id='word_1_202' title='bbox 1121 2413 1205 2476; x_wconf 88' lang='lat' dir='ltr'><strong>enim</strong></span> 
     </span>
     <span class='ocr_line' id='line_1_24' title="bbox 74 2518 1204 2603; baseline 0.004 -22"><span class='ocrx_word' id='word_1_203' title='bbox 74 2519 120 2581; x_wconf 86' lang='lat' dir='ltr'><strong>ad</strong></span> <span class='ocrx_word' id='word_1_204' title='bbox 141 2519 193 2581; x_wconf 89' lang='lat' dir='ltr'><strong>Vs.</strong></span> <span class='ocrx_word' id='word_1_205' title='bbox 215 2518 277 2582; x_wconf 87' lang='grc'><strong>290</strong></span> <span class='ocrx_word' id='word_1_206' title='bbox 299 2520 426 2596; x_wconf 85' lang='lat' dir='ltr'><strong>attinet,</strong></span> <span class='ocrx_word' id='word_1_207' title='bbox 444 2521 514 2603; x_wconf 86' lang='lat' dir='ltr'><strong>jum</strong></span> <span class='ocrx_word' id='word_1_208' title='bbox 532 2521 646 2603; x_wconf 82' lang='lat' dir='ltr'><strong>liquet,</strong></span> <span class='ocrx_word' id='word_1_209' title='bbox 670 2540 762 2602; x_wconf 89' lang='lat' dir='ltr'><strong>quam</strong></span> <span class='ocrx_word' id='word_1_210' title='bbox 783 2529 855 2603; x_wconf 83' lang='lat' dir='ltr'><strong>apte</strong></span> <span class='ocrx_word' id='word_1_211' title='bbox 878 2521 1007 2584; x_wconf 92' lang='lat' dir='ltr'><strong>miretur</strong></span> <span class='ocrx_word' id='word_1_212' title='bbox 1026 2519 1204 2602; x_wconf 82' lang='lat' dir='ltr'><strong>Euelpides,</strong></span> 
     </span>
    </p>
   </div>
   <div class='ocr_carea' id='block_1_3' title="bbox 76 2621 1303 2709">
    <p class='ocr_par' dir='ltr' id='par_1_3' title="bbox 76 2621 1303 2709">
     <span class='ocr_line' id='line_1_25' title="bbox 76 2621 1303 2709; baseline 0.004 -26"><span class='ocrx_word' id='word_1_213' title='bbox 76 2621 163 2704; x_wconf 80' lang='lat' dir='ltr'><strong>quod</strong></span> <span class='ocrx_word' id='word_1_214' title='bbox 185 2624 396 2708; x_wconf 72' lang='grc' dir='ltr'><strong><em>κατωφαγᾶς,</em></strong></span> <span class='ocrx_word' id='word_1_215' title='bbox 426 2623 453 2686; x_wconf 87' lang='lat' dir='ltr'><strong>si</strong></span> <span class='ocrx_word' id='word_1_216' title='bbox 475 2623 660 2709; x_wconf 83' lang='lat' dir='ltr'><strong>Cleonymus</strong></span> <span class='ocrx_word' id='word_1_217' title='bbox 676 2626 731 2702; x_wconf 90' lang='lat' dir='ltr'><strong>sit,</strong></span> <span class='ocrx_word' id='word_1_218' title='bbox 758 2645 822 2690; x_wconf 91' lang='lat' dir='ltr'><strong>uon</strong></span> <span class='ocrx_word' id='word_1_219' title='bbox 844 2623 995 2708; x_wconf 88' lang='lat' dir='ltr'><strong>abjecerit</strong></span> <span class='ocrx_word' id='word_1_220' title='bbox 1015 2623 1203 2698; x_wconf 68' lang='lat' dir='ltr'><strong>sandalium</strong></span> <span class='ocrx_word' id='word_1_221' title='bbox 1296 2663 1303 2674; x_wconf 57' lang='grc' dir='ltr'><strong><em>ι</em></strong></span> 
     </span>
    </p>
   </div>
   <div class='ocr_carea' id='block_1_4' title="bbox 74 2719 1203 4252">
    <p class='ocr_par' dir='ltr' id='par_1_4' title="bbox 74 2719 1203 4252">
     <span class='ocr_line' id='line_1_26' title="bbox 77 2719 1202 2812; baseline 0.003 -26"><span class='ocrx_word' id='word_1_222' title='bbox 77 2719 179 2806; x_wconf 82' lang='lat' dir='ltr'><strong>qubd,</strong></span> <span class='ocrx_word' id='word_1_223' title='bbox 199 2745 297 2806; x_wconf 63' lang='lat' dir='ltr'><strong>quum</strong></span> <span class='ocrx_word' id='word_1_224' title='bbox 319 2727 416 2792; x_wconf 83' lang='lat' dir='ltr'><strong>allum</strong></span> <span class='ocrx_word' id='word_1_225' title='bbox 436 2736 533 2802; x_wconf 82' lang='lat' dir='ltr'><strong>esset,</strong></span> <span class='ocrx_word' id='word_1_226' title='bbox 564 2750 640 2796; x_wconf 89' lang='lat' dir='ltr'><strong>saue</strong></span> <span class='ocrx_word' id='word_1_227' title='bbox 667 2735 711 2795; x_wconf 89' lang='lat' dir='ltr'><strong>ita</strong></span> <span class='ocrx_word' id='word_1_228' title='bbox 732 2737 801 2800; x_wconf 87' lang='lat' dir='ltr'><strong>eret</strong></span> <span class='ocrx_word' id='word_1_229' title='bbox 822 2737 1051 2812; x_wconf 86' lang='lat' dir='ltr'><strong>comparatum,</strong></span> <span class='ocrx_word' id='word_1_230' title='bbox 1082 2735 1117 2790; x_wconf 92' lang='lat' dir='ltr'><strong>ut</strong></span> <span class='ocrx_word' id='word_1_231' title='bbox 1136 2727 1202 2790; x_wconf 86' lang='lat' dir='ltr'><strong>bo-</strong></span> 
     </span>
     <span class='ocr_line' id='line_1_27' title="bbox 76 2827 1203 2914; baseline 0.004 -26"><span class='ocrx_word' id='word_1_232' title='bbox 76 2828 192 2889; x_wconf 83' lang='lat' dir='ltr'><strong>minem</strong></span> <span class='ocrx_word' id='word_1_233' title='bbox 228 2827 397 2907; x_wconf 80' lang='lat' dir='ltr'><strong>prohibere</strong></span> <span class='ocrx_word' id='word_1_234' title='bbox 438 2830 584 2908; x_wconf 85' lang='lat' dir='ltr'><strong>deberet,</strong></span> <span class='ocrx_word' id='word_1_235' title='bbox 627 2833 793 2914; x_wconf 88' lang='lat' dir='ltr'><strong>queminus</strong></span> <span class='ocrx_word' id='word_1_236' title='bbox 826 2829 886 2894; x_wconf 88' lang='lat' dir='ltr'><strong>cito</strong></span> <span class='ocrx_word' id='word_1_237' title='bbox 918 2839 1072 2908; x_wconf 89' lang='lat' dir='ltr'><strong>curreret;</strong></span> <span class='ocrx_word' id='word_1_238' title='bbox 1117 2837 1148 2894; x_wconf 89' lang='lat' dir='ltr'><strong>et</strong></span> <span class='ocrx_word' id='word_1_239' title='bbox 1176 2831 1203 2892; x_wconf 95' lang='lat' dir='ltr'><strong>si</strong></span> 
     </span>
     <span class='ocr_line' id='line_1_28' title="bbox 74 2929 1203 3018; baseline 0.002 -26"><span class='ocrx_word' id='word_1_240' title='bbox 74 2929 284 2994; x_wconf 82' lang='lat' dir='ltr'><strong>Pisthetaerus</strong></span> <span class='ocrx_word' id='word_1_241' title='bbox 320 2932 374 2994; x_wconf 85' lang='lat' dir='ltr'><strong>Vs.</strong></span> <span class='ocrx_word' id='word_1_242' title='bbox 395 2932 477 3008; x_wconf 81' lang='lat'><strong>292,</strong></span> <span class='ocrx_word' id='word_1_243' title='bbox 521 2935 663 2998; x_wconf 76' lang='lat' dir='ltr'><strong>vocabuli</strong></span> <span class='ocrx_word' id='word_1_244' title='bbox 701 2934 842 3017; x_wconf 75' lang='grc' dir='ltr'><strong><em>λόφωσις</em></strong></span> <span class='ocrx_word' id='word_1_245' title='bbox 877 2937 1077 3018; x_wconf 80' lang='lat' dir='ltr'><strong>ambiguitate</strong></span> <span class='ocrx_word' id='word_1_246' title='bbox 1113 2941 1203 2996; x_wconf 89' lang='lat' dir='ltr'><strong>uleus</strong></span> 
     </span>
     <span class='ocr_line' id='line_1_29' title="bbox 75 3033 1203 3117; baseline 0 -22"><span class='ocrx_word' id='word_1_247' title='bbox 75 3035 119 3095; x_wconf 83' lang='lat' dir='ltr'><strong>ad</strong></span> <span class='ocrx_word' id='word_1_248' title='bbox 138 3033 323 3112; x_wconf 84' lang='lat' dir='ltr'><strong>jocandum,</strong></span> <span class='ocrx_word' id='word_1_249' title='bbox 346 3037 515 3116; x_wconf 74' lang='lat' dir='ltr'><strong>endpupa</strong></span> <span class='ocrx_word' id='word_1_250' title='bbox 537 3037 673 3117; x_wconf 86' lang='lat' dir='ltr'><strong>quaerit,</strong></span> <span class='ocrx_word' id='word_1_251' title='bbox 695 3036 875 3101; x_wconf 87' lang='lat' dir='ltr'><strong>venerintne</strong></span> <span class='ocrx_word' id='word_1_252' title='bbox 898 3055 972 3099; x_wconf 82' lang='lat' dir='ltr'><strong>aves</strong></span> <span class='ocrx_word' id='word_1_253' title='bbox 993 3037 1034 3098; x_wconf 92' lang='lat' dir='ltr'><strong>ad</strong></span> <span class='ocrx_word' id='word_1_254' title='bbox 1056 3036 1203 3112; x_wconf 88' lang='lat' dir='ltr'><strong>diaulnm,</strong></span> 
     </span>
     <span class='ocr_line' id='line_1_30' title="bbox 77 3135 1202 3220; baseline 0.006 -24"><span class='ocrx_word' id='word_1_255' title='bbox 77 3153 142 3197; x_wconf 91' lang='lat' dir='ltr'><strong>non</strong></span> <span class='ocrx_word' id='word_1_256' title='bbox 164 3135 280 3215; x_wconf 87' lang='lat' dir='ltr'><strong>potuit,</strong></span> <span class='ocrx_word' id='word_1_257' title='bbox 303 3156 396 3218; x_wconf 89' lang='lat' dir='ltr'><strong>quum</strong></span> <span class='ocrx_word' id='word_1_258' title='bbox 423 3157 471 3213; x_wconf 88' lang='lat' dir='ltr'><strong>ee,</strong></span> <span class='ocrx_word' id='word_1_259' title='bbox 493 3159 573 3219; x_wconf 89' lang='lat' dir='ltr'><strong>quae</strong></span> <span class='ocrx_word' id='word_1_260' title='bbox 592 3159 666 3202; x_wconf 83' lang='lat' dir='ltr'><strong>vore</strong></span> <span class='ocrx_word' id='word_1_261' title='bbox 690 3149 765 3215; x_wconf 86' lang='lat' dir='ltr'><strong>erat,</strong></span> <span class='ocrx_word' id='word_1_262' title='bbox 789 3137 928 3220; x_wconf 71' lang='lat' dir='ltr'><strong>lupence</strong></span> <span class='ocrx_word' id='word_1_263' title='bbox 947 3142 1051 3220; x_wconf 85' lang='lat' dir='ltr'><strong>potius</strong></span> <span class='ocrx_word' id='word_1_264' title='bbox 1067 3135 1202 3198; x_wconf 83' lang='lat' dir='ltr'><strong>maximo</strong></span> 
     </span>
     <span class='ocr_line' id='line_1_31' title="bbox 74 3237 1202 3322; baseline 0.004 -24"><span class='ocrx_word' id='word_1_265' title='bbox 74 3237 299 3319; x_wconf 88' lang='lat' dir='ltr'><strong>impedimento</strong></span> <span class='ocrx_word' id='word_1_266' title='bbox 324 3257 393 3303; x_wconf 89' lang='lat' dir='ltr'><strong>esse</strong></span> <span class='ocrx_word' id='word_1_267' title='bbox 409 3240 540 3305; x_wconf 88' lang='lat' dir='ltr'><strong>deberet</strong></span> <span class='ocrx_word' id='word_1_268' title='bbox 556 3243 758 3319; x_wconf 81' lang='lat' dir='ltr'><strong>conuentibus,</strong></span> <span class='ocrx_word' id='word_1_269' title='bbox 780 3261 843 3304; x_wconf 90' lang='lat' dir='ltr'><strong>uun</strong></span> <span class='ocrx_word' id='word_1_270' title='bbox 857 3240 935 3314; x_wconf 90' lang='lat' dir='ltr'><strong>fieri,</strong></span> <span class='ocrx_word' id='word_1_271' title='bbox 958 3241 1030 3322; x_wconf 79' lang='lat' dir='ltr'><strong>quiin</strong></span> <span class='ocrx_word' id='word_1_272' title='bbox 1047 3240 1089 3302; x_wconf 90' lang='lat' dir='ltr'><strong>ita</strong></span> <span class='ocrx_word' id='word_1_273' title='bbox 1105 3239 1202 3302; x_wconf 83' lang='lat' dir='ltr'><strong>verba</strong></span> 
     </span>
     <span class='ocr_line' id='line_1_32' title="bbox 74 3342 1197 3426; baseline 0 -22"><span class='ocrx_word' id='word_1_274' title='bbox 74 3361 227 3404; x_wconf 90' lang='lat' dir='ltr'><strong>summum</strong></span> <span class='ocrx_word' id='word_1_275' title='bbox 243 3361 360 3422; x_wconf 84' lang='lat' dir='ltr'><strong>eorum,</strong></span> <span class='ocrx_word' id='word_1_276' title='bbox 383 3347 436 3426; x_wconf 87' lang='lat' dir='ltr'><strong>qni</strong></span> <span class='ocrx_word' id='word_1_277' title='bbox 450 3347 627 3423; x_wconf 82' lang='lat' dir='ltr'><strong>audiebant,</strong></span> <span class='ocrx_word' id='word_1_278' title='bbox 649 3348 745 3410; x_wconf 84' lang='lat' dir='ltr'><strong>risum</strong></span> <span class='ocrx_word' id='word_1_279' title='bbox 766 3353 937 3408; x_wconf 88' lang='lat' dir='ltr'><strong>moverent.</strong></span> <span class='ocrx_word' id='word_1_280' title='bbox 980 3342 1119 3408; x_wconf 77' lang='lat' dir='ltr'><strong>(laesisse</strong></span> <span class='ocrx_word' id='word_1_281' title='bbox 1140 3361 1197 3406; x_wconf 85' lang='lat' dir='ltr'><strong>au·-</strong></span> 
     </span>
     <span class='ocr_line' id='line_1_33' title="bbox 74 3443 1201 3531; baseline 0.003 -24"><span class='ocrx_word' id='word_1_282' title='bbox 74 3454 136 3507; x_wconf 88' lang='lat' dir='ltr'><strong>tem</strong></span> <span class='ocrx_word' id='word_1_283' title='bbox 159 3443 291 3506; x_wconf 85' lang='lat' dir='ltr'><strong>musicus</strong></span> <span class='ocrx_word' id='word_1_284' title='bbox 314 3445 347 3506; x_wconf 92' lang='lat' dir='ltr'><strong>in</strong></span> <span class='ocrx_word' id='word_1_285' title='bbox 369 3467 462 3510; x_wconf 88' lang='lat' dir='ltr'><strong>scena</strong></span> <span class='ocrx_word' id='word_1_286' title='bbox 484 3451 583 3513; x_wconf 83' lang='lat' dir='ltr'><strong>Attica</strong></span> <span class='ocrx_word' id='word_1_287' title='bbox 603 3450 714 3513; x_wconf 92' lang='lat' dir='ltr'><strong>altiora</strong></span> <span class='ocrx_word' id='word_1_288' title='bbox 737 3448 891 3531; x_wconf 88' lang='lat' dir='ltr'><strong>quaedam</strong></span> <span class='ocrx_word' id='word_1_289' title='bbox 911 3446 1060 3522; x_wconf 85' lang='lat' dir='ltr'><strong>sandalia,</strong></span> <span class='ocrx_word' id='word_1_290' title='bbox 1084 3453 1117 3508; x_wconf 91' lang='lat' dir='ltr'><strong>ut</strong></span> <span class='ocrx_word' id='word_1_291' title='bbox 1138 3446 1201 3510; x_wconf 89' lang='lat' dir='ltr'><strong>hoo</strong></span> 
     </span>
     <span class='ocr_line' id='line_1_34' title="bbox 74 3546 1201 3634; baseline 0.002 -28"><span class='ocrx_word' id='word_1_292' title='bbox 74 3555 145 3608; x_wconf 89' lang='lat' dir='ltr'><strong>utar</strong></span> <span class='ocrx_word' id='word_1_293' title='bbox 161 3546 202 3607; x_wconf 89' lang='lat' dir='ltr'><strong>ad</strong></span> <span class='ocrx_word' id='word_1_294' title='bbox 218 3555 348 3628; x_wconf 84' lang='lat' dir='ltr'><strong>tompus,</strong></span> <span class='ocrx_word' id='word_1_295' title='bbox 370 3552 428 3612; x_wconf 86' lang='lat' dir='ltr'><strong>etsi</strong></span> <span class='ocrx_word' id='word_1_296' title='bbox 440 3572 505 3612; x_wconf 88' lang='lat' dir='ltr'><strong>non</strong></span> <span class='ocrx_word' id='word_1_297' title='bbox 516 3556 670 3634; x_wconf 87' lang='lat' dir='ltr'><strong>reperitur</strong></span> <span class='ocrx_word' id='word_1_298' title='bbox 685 3561 830 3616; x_wconf 84' lang='lat' dir='ltr'><strong>testatum</strong></span> <span class='ocrx_word' id='word_1_299' title='bbox 844 3551 997 3632; x_wconf 87' lang='lat' dir='ltr'><strong>expressis</strong></span> <span class='ocrx_word' id='word_1_300' title='bbox 1011 3550 1125 3624; x_wconf 86' lang='lat' dir='ltr'><strong>verbis,</strong></span> <span class='ocrx_word' id='word_1_301' title='bbox 1146 3556 1201 3608; x_wconf 89' lang='lat' dir='ltr'><strong>ta-</strong></span> 
     </span>
     <span class='ocr_line' id='line_1_35' title="bbox 75 3649 1200 3735; baseline -0.001 -21"><span class='ocrx_word' id='word_1_302' title='bbox 75 3671 145 3714; x_wconf 90' lang='lat' dir='ltr'><strong>men</strong></span> <span class='ocrx_word' id='word_1_303' title='bbox 167 3657 231 3715; x_wconf 90' lang='lat' dir='ltr'><strong>tam</strong></span> <span class='ocrx_word' id='word_1_304' title='bbox 252 3668 310 3733; x_wconf 89' lang='lat' dir='ltr'><strong>per</strong></span> <span class='ocrx_word' id='word_1_305' title='bbox 331 3671 368 3714; x_wconf 87' lang='lat' dir='ltr'><strong>se</strong></span> <span class='ocrx_word' id='word_1_306' title='bbox 387 3670 451 3714; x_wconf 92' lang='lat' dir='ltr'><strong>non</strong></span> <span class='ocrx_word' id='word_1_307' title='bbox 481 3658 527 3714; x_wconf 90' lang='lat' dir='ltr'><strong>est</strong></span> <span class='ocrx_word' id='word_1_308' title='bbox 550 3671 614 3712; x_wconf 88' lang='lat' dir='ltr'><strong>nou</strong></span> <span class='ocrx_word' id='word_1_309' title='bbox 636 3655 814 3733; x_wconf 84' lang='lat' dir='ltr'><strong>probabile,</strong></span> <span class='ocrx_word' id='word_1_310' title='bbox 848 3671 941 3735; x_wconf 89' lang='lat' dir='ltr'><strong>quam</strong></span> <span class='ocrx_word' id='word_1_311' title='bbox 968 3649 1028 3715; x_wconf 90' lang='lat' dir='ltr'><strong>loci</strong></span> <span class='ocrx_word' id='word_1_312' title='bbox 1051 3650 1200 3714; x_wconf 85' lang='lat' dir='ltr'><strong>exsistunt</strong></span> 
     </span>
     <span class='ocr_line' id='line_1_36' title="bbox 74 3754 1198 3839; baseline 0.002 -21"><span class='ocrx_word' id='word_1_313' title='bbox 74 3763 215 3818; x_wconf 83' lang='lat' dir='ltr'><strong>veterum</strong></span> <span class='ocrx_word' id='word_1_314' title='bbox 237 3763 268 3817; x_wconf 88' lang='lat' dir='ltr'><strong>et</strong></span> <span class='ocrx_word' id='word_1_315' title='bbox 289 3757 475 3838; x_wconf 86' lang='lat' dir='ltr'><strong>scriptorum</strong></span> <span class='ocrx_word' id='word_1_316' title='bbox 496 3764 528 3818; x_wconf 87' lang='lat' dir='ltr'><strong>et</strong></span> <span class='ocrx_word' id='word_1_317' title='bbox 549 3757 832 3839; x_wconf 85' lang='lat' dir='ltr'><strong>grammaticorum,</strong></span> <span class='ocrx_word' id='word_1_318' title='bbox 856 3776 895 3819; x_wconf 83' lang='lat' dir='ltr'><strong>ex</strong></span> <span class='ocrx_word' id='word_1_319' title='bbox 917 3756 1027 3838; x_wconf 89' lang='lat' dir='ltr'><strong>quibus</strong></span> <span class='ocrx_word' id='word_1_320' title='bbox 1050 3754 1198 3820; x_wconf 87' lang='lat' dir='ltr'><strong>credibile</strong></span> 
     </span>
     <span class='ocr_line' id='line_1_37' title="bbox 75 3857 1198 3943; baseline 0.004 -23"><span class='ocrx_word' id='word_1_321' title='bbox 75 3857 137 3921; x_wconf 89' lang='lat' dir='ltr'><strong>liat.</strong></span> <span class='ocrx_word' id='word_1_322' title='bbox 178 3857 273 3932; x_wconf 88' lang='lat' dir='ltr'><strong>Quod</strong></span> <span class='ocrx_word' id='word_1_323' title='bbox 286 3859 327 3920; x_wconf 89' lang='lat' dir='ltr'><strong>ad</strong></span> <span class='ocrx_word' id='word_1_324' title='bbox 343 3860 517 3923; x_wconf 72' lang='lat' dir='ltr'><strong>citharistas</strong></span> <span class='ocrx_word' id='word_1_325' title='bbox 536 3860 655 3939; x_wconf 81' lang='lat' dir='ltr'><strong>attinet,</strong></span> <span class='ocrx_word' id='word_1_326' title='bbox 677 3860 761 3942; x_wconf 88' lang='lat' dir='ltr'><strong>apud</strong></span> <span class='ocrx_word' id='word_1_327' title='bbox 776 3860 969 3941; x_wconf 86' lang='lat' dir='ltr'><strong>Xiplriliuum</strong></span> <span class='ocrx_word' id='word_1_328' title='bbox 983 3859 1198 3943; x_wconf 75' lang='lat' dir='ltr'><strong>cognoscimus</strong></span> 
     </span>
     <span class='ocr_line' id='line_1_38' title="bbox 76 3955 1197 4052; baseline 0.005 -28"><span class='ocrx_word' id='word_1_329' title='bbox 76 3963 231 4025; x_wconf 84' lang='lat' dir='ltr'><strong>Neronem</strong></span> <span class='ocrx_word' id='word_1_330' title='bbox 249 3965 287 4026; x_wconf 77' lang='grc' dir='ltr'><strong>ἐν</strong></span> <span class='ocrx_word' id='word_1_331' title='bbox 303 3964 344 4047; x_wconf 72' lang='grc' dir='ltr'><strong>σῇ</strong></span> <span class='ocrx_word' id='word_1_332' title='bbox 359 3955 518 4050; x_wconf 71' lang='grc' dir='ltr'><strong><em>ὀρχήστρᾳ</em></strong></span> <span class='ocrx_word' id='word_1_333' title='bbox 535 3961 680 4049; x_wconf 73' lang='grc' dir='ltr'><strong><em>κιθάραν</em></strong></span> <span class='ocrx_word' id='word_1_334' title='bbox 693 3970 813 4052; x_wconf 72' lang='grc' dir='ltr'><strong><em>ἔχοντα</em></strong></span> <span class='ocrx_word' id='word_1_335' title='bbox 834 3965 890 4028; x_wconf 82' lang='grc' dir='ltr'><strong>καλ</strong></span> <span class='ocrx_word' id='word_1_336' title='bbox 909 3957 1131 4050; x_wconf 66' lang='lat' dir='ltr'><strong>tralucidus</strong></span> <span class='ocrx_word' id='word_1_337' title='bbox 1143 3963 1197 4030; x_wconf 77' lang='grc' dir='ltr'><strong>καὶ</strong></span> 
     </span>
     <span class='ocr_line' id='line_1_39' title="bbox 76 4060 1197 4152; baseline -0.004 -20"><span class='ocrx_word' id='word_1_338' title='bbox 76 4060 329 4149; x_wconf 72' lang='grc' dir='ltr'><strong><em>κοθόρνους,</em></strong></span> <span class='ocrx_word' id='word_1_339' title='bbox 351 4068 433 4132; x_wconf 74' lang='grc' dir='ltr'><strong><em>ποτὲ</em></strong></span> <span class='ocrx_word' id='word_1_340' title='bbox 456 4065 490 4132; x_wconf 80' lang='grc' dir='ltr'><strong>δὲ</strong></span> <span class='ocrx_word' id='word_1_341' title='bbox 512 4061 674 4152; x_wconf 70' lang='grc' dir='ltr'><strong>ἐμβάδας,</strong></span> <span class='ocrx_word' id='word_1_342' title='bbox 695 4067 748 4133; x_wconf 81' lang='lat' dir='ltr'><strong>uui</strong></span> <span class='ocrx_word' id='word_1_343' title='bbox 770 4079 990 4152; x_wconf 78' lang='grc' dir='ltr'><strong><em>σιροςοπεῑον,</em></strong></span> <span class='ocrx_word' id='word_1_344' title='bbox 1005 4074 1043 4128; x_wconf 87' lang='lat' dir='ltr'><strong>et</strong></span> <span class='ocrx_word' id='word_1_345' title='bbox 1064 4066 1197 4130; x_wconf 85' lang='lat' dir='ltr'><strong>cothur-</strong></span> 
     </span>
     <span class='ocr_line' id='line_1_40' title="bbox 75 4167 1197 4252; baseline -0.003 -22"><span class='ocrx_word' id='word_1_346' title='bbox 75 4189 132 4233; x_wconf 87' lang='lat' dir='ltr'><strong>nus</strong></span> <span class='ocrx_word' id='word_1_347' title='bbox 154 4175 255 4252; x_wconf 87' lang='lat' dir='ltr'><strong>gestat</strong></span> <span class='ocrx_word' id='word_1_348' title='bbox 275 4167 571 4251; x_wconf 88' lang='lat' dir='ltr'><strong>praestantissimum</strong></span> <span class='ocrx_word' id='word_1_349' title='bbox 598 4167 675 4234; x_wconf 87' lang='lat' dir='ltr'><strong>illud</strong></span> <span class='ocrx_word' id='word_1_350' title='bbox 703 4170 852 4251; x_wconf 68' lang='lat' dir='ltr'><strong>Apollinis</strong></span> <span class='ocrx_word' id='word_1_351' title='bbox 881 4169 1056 4234; x_wconf 84' lang='lat' dir='ltr'><strong>citharoedi</strong></span> <span class='ocrx_word' id='word_1_352' title='bbox 1076 4167 1197 4244; x_wconf 83' lang='lat' dir='ltr'><strong>signum</strong></span> 
     </span>
    </p>
   </div>
   <div class='ocr_carea' id='block_1_5' title="bbox 0 0 1460 4672">
    <p class='ocr_par' dir='ltr' id='par_1_5' title="bbox 0 0 1460 4672">
     <span class='ocr_line' id='line_1_41' title="bbox 0 0 1460 4672; baseline 0 2"><span class='ocrx_word' id='word_1_353' title='bbox 0 0 1460 4672; x_wconf 95' lang='lat' dir='ltr'><strong> </strong></span> 
     </span>
    </p>
   </div>
  </div>
 </body>
</html>
