2910 4654
678 147 892 214 ..93-

221 335 302 401 quae
322 317 364 381 ad
386 317 512 383 verse
534 319 684 385 adnotata
706 318 912 402 reperiuntur,
924 351 964 369 -
977 325 1008 383 et
1021 307 1164 401 proinde,
1186 337 1263 382 num
1283 319 1368 382 alter

220 420 276 483 ille
297 418 482 483 scholiastes
504 421 659 504 integrum
681 420 788 484 locum
814 421 934 505 legerit
986 421 1055 482 lam
1077 419 1164 502 qnod
1177 420 1228 484 ’ad
1249 420 1369 485 mede-

219 521 283 584 lam
305 521 409 585 versui
430 523 493 585 565
516 519 709 585 afferendam
728 525 855 600 attinet,
886 539 937 586 me
959 521 1086 602 quidem
1103 520 1212 606 jndice
1228 521 1367 587 dubium

220 641 291 684 esse
312 624 431 704 nequit,
454 624 529 704 quin
550 643 610 705 pro
633 615 707 711 θύῃ
728 625 947 706 reponendum
968 625 1009 688 sit
1029 619 1120 709 θύη
1147 623 1179 687 h.
1202 615 1230 688 e.
1253 615 1368 688 thura.

88 787 90 792 ,
218 721 305 784 'rhus
337 730 442 787 autem
474 727 555 789 inter
583 745 635 788 res
657 727 775 788 Veneri
808 727 932 791 oblatas
958 727 1095 809 primum
1116 733 1226 790 tenere
1247 723 1366 803 locum,

218 821 415 888 notissimum
440 835 498 906 est,
521 829 576 891 cir.
600 847 682 910 quae
706 830 876 912 disputavit
896 830 1044 914 Engelius
1064 835 1173 894 noster
1193 828 1279 906 libri,
1301 847 1365 909 qno

218 920 373 986 de-rebns
389 925 576 1009 Cypriorum
599 931 762 1010 exposuit,
783 931 901 995 Vol.ll.
921 950 954 1014 p.
972 933 1031 994 151
1046 950 1118 1012 sqq.
1161 929 1364 1004 Quum-vero

217 1023 365 1087 vocabuli
386 1025 475 1103 θίος
496 1029 584 1110 prior
606 1033 728 1114 syllaba
751 1033 854 1096 brevis
883 1033 939 1110 sit,
971 1030 1158 1115 particulam·
1178 1030 1223 1096 δὲ’
1236 1031 1365 1094 iuter-

217 1122 262 1186 tia
278 1126 363 1190 sede
385 1129 577 1194 collocemus
607 1140 682 1197 ente
711 1136 900 1199 vccabulum
929 1135 1006 1220 θύη
1035 1142 1175 1217 eportet.
1221 1123 1365 1214 Denique

217 1243 282 1290 vox
304 1228 431 1313 nepotc
464 1253 538 1297 num
560 1225 704 1318 'genuina
723 1223 772 1302 'sit
799 1239 894 1302 etiam
924 1259 983 1323 ego
1007 1238 1116 1302 dubito
1124 1251 1148 1314 ;'
1166 1253 1366 1318 quamquam,

218 1343 284 1390 nen
307 1349 387 1408 esse,
410 1343 528 1398 certum
547 1336 653 1401 dicere
674 1358 739 1402 non
761 1341 877 1403 audeo.
919 1342 1027 1403 Potest
1049 1341 1132 1403 euim
1151 1338 1258 1421 objici,
1280 1355 1366 1420 poe-

217 1436 282 1493 tam
302 1431 377 1496 ideo
412 1434 527 1502 fulicae
550 1446 582 1502 et
602 1439 687 1502 anati
717 1459 810 1502 unam
841 1439 1035 1522 eandemque
1056 1455 1122 1502 rem
1143 1438 1286 1502 voluisse
1309 1457 1366 1501 sa-

221 1531 364 1612 erilieari,
388 1539 475 1618 quod
498 1541 675 1604 simillimae
695 1551 802 1605 essent
818 1561 902 1619 aves,
925 1560 990 1622 quo
1012 1540 1053 1602 de
1074 1541 1131 1604 eirss
1152 1539 1247 1636 etiam
1262 1541 1367 1602 nene-

218 1634 291 1692 naei
312 1635 366 1693 lib.
387 1637 444 1698 lx.
466 1653 497 1715 p.
513 1641 591 1713 395,
613 1644 690 1698 sect.
706 1643 770 1698 bh·
800 1642 962 1700 Difficilius
985 1647 1048 1710 est,
1083 1651 1177 1718 qnam
1208 1649 1243 1699 ut
1272 1641 1367 1700 facile

220 1733 473 1811 commendetur,
504 1736 1015 1817 quodllrunelxiusocnlidenter,
1045 1745 1081 1803 ut
1101 1727 1200 1816 solet,
1223 1738 1366 1815 affirmat,

220 1853 322 1932 quom
342 1836 393 1899 «in
415 1837 566 1902 alterutro
584 1859 708 1918 versu»,
731 1841 784 1918 ait,
809 1859 937 1904 »vocem
959 1840 1048 1904 illam
1063 1827 1193 1936 coneric
1213 1839 1367 1938 abosol-

220 1943 306 2000 tante
324 1937 457 2001 librario
478 1958 539 2020 pro
559 1940 683 2004 sincera
703 1941 766 2004 alia
784 1959 824 2003 ex
839 1941 940 2005 altero
961 1961 1054 2006 versu
1073 1943 1240 2024 repetitam
1260 1941 1366 2025 inisse,

219 2039 323 2100 stetim
351 2039 454 2120 quivis
486 2041 726 2124 deprehendere
752 2050 858 2124 potest
867 2069 889 2105 ι.
941 2043 1041 2121 Quid,
1075 2042 1108 2106 si
1131 2042 1211 2108 illud
1237 2043 1368 2128 πυρούι

220 2139 373 2204 alterutro
393 2161 488 2205 versa
510 2163 550 2206 ex
572 2165 651 2209 voce
681 2147 819 2228 quadam
841 2135 887 2208 'ad
909 2139 1072 2209 externam
1101 2148 1364 2229 speclemslmil-

220 2240 311 2318 lima,
333 2244 391 2306 sed
414 2244 515 2307 minus
537 2254 742 2310 nomentum
764 2264 834 2311 esse
862 2233 1112 2331 conjecerimnsl
1130 2261 1137 2294 ι·
1155 2245 1258 2327 Quum
1281 2253 1364 2314 enim

220 2335 345 2426 μῦρος,
381 2346 421 2408 de
449 2366 514 2429 quo
549 2348 627 2411 dixit
655 2349 836 2423 Athenaeus,
864 2349 928 2427 Vll,
950 2369 983 2432 p«
1000 2351 1074 2429 312,
1104 2359 1177 2416 sest
1195 2354 1248 2430 913
1269 2352 1363 2436 piscis

220 2443 274 2520 sit,
297 2477 339 2494 —
368 2465 487 2511 marem
515 2468 686 2513 muraenae
714 2451 855 2533 appellat
884 2452 1001 2516 Plinius
1028 2455 1097 2517 Nat.
1127 2455 1209 2520 litet·
1235 2456 1292 2531 lll,
1315 2455 1364 2532 23,

221 2547 263 2609 39
286 2581 336 2638 -Ι
356 2549 451 2612 fulica
472 2570 550 2616 xero
574 2558 606 2615 et
633 2569 711 2614 anas
732 2571 808 2617 aves
829 2553 1002 2634 palustres,
1035 2573 1100 2618 nen
1122 2556 1224 2620 Mum
1246 2557 1365 2622 lacilli-

220 2667 305 2712 mam
335 2669 444 2715 verum
472 2654 566 2716 eliam
599 2647 791 2736 aptissimam
820 2640 944 2721 dixeris
979 2659 1202 2735 mutationem,
1235 2660 1264 2721 si
1297 2661 1364 2741 quis

219 2749 432 2838 pronepotis·
465 2753 644 2835 scripserit:
670 2751 809 2840 μόρους.
862 2759 1000 2826 Dubium
1028 2778 1103 2824 nou·
1116 2760 1254 2837 noctur,
1279 2760 1365 2841 'quin

222 2847 290 2915 voc.
318 2856 430 2938 μῦρος
457 2857 597 2938 priorem
628 2859 782 2942 syllabam
812 2862 939 2945 longam
972 2862 1099 2925 hebeat.
1151 2861 1275 2925 Monuit
1299 2865 1364 2944 jam

220 2956 386 3019 Passovius
407 2958 481 3020 Lex.
503 2981 528 3023 s.
550 2981 578 3023 v.
620 2961 700 3037 Sed,
729 2968 765 3024 ut
790 2962 871 3025 haec
893 2964 1073 3026 emendatio
1095 2981 1171 3026 vera
1192 2964 1249 3040 sit,
1278 2963 1365 3028 diffi-

221 3055 281 3120 cile
304 3067 352 3122 est
373 3059 654 3144 adjudicandum,
684 3064 717 3125 in
739 3074 809 3128 utro
832 3085 926 3130 versu
947 3067 988 3130 sit
1007 3065 1161 3130 iacienda.
1202 3066 1269 3132 Nos
1292 3068 1366 3147 qui-

222 3161 294 3225 dem
315 3163 435 3228 hahere
467 3165 560 3228 nohis
592 3165 753 3242 videmur,
784 3168 897 3247 quihus
918 3169 1099 3234 verosimile
1120 3165 1191 3243 fiat,
1225 3166 1365 3248 priorem

220 3281 344 3326 versum
367 3267 550 3330 mutandum
572 3286 643 3330 esse
665 3269 769 3349 potius
798 3283 892 3349 quam
915 3267 1059 3332 alterum.
1080 3305 1123 3318 -
1146 3269 1304 3331 .Ceterum
1326 3268 1365 3330 de

220 3361 316 3425 fulica
337 3367 454 3428 Veneri
472 3369 583 3449 juncta
603 3377 730 3449 praeter
750 3372 857 3433 locum
872 3369 1037 3447 Athenaei,
1060 3372 1114 3450 qui
1137 3377 1184 3432 est
1204 3371 1271 3445 Vll,
1293 3371 1366 3444 ³25,

222 3467 253 3528 et
274 3461 421 3526 scholion
444 3467 486 3528 ad
507 3469 539 3528 h.
561 3469 581 3530 l.
604 3469 799 3532 consulenda
820 3477 892 3532 sunt
920 3470 1015 3531 etiam
1047 3470 1202 3534 Eustathii
1217 3461 1366 3534 'adnota-

221 3564 266 3628 eo
290 3567 331 3628 aa
352 3568 385 3630 n.
407 3568 446 3644 ιι,
468 3569 542 3647 aas,
563 3589 594 3652 p.
614 3572 685 3646 rec,
709 3591 790 3654 quae
812 3589 879 3635 non
900 3571 978 3658 ruge
998 3573 1164 3656 nugonem
1186 3554 1226 3635 ιι
1247 3573 1311 3636 mc
1332 3589 1366 3635 re

222 3668 432 3751 disputantem
450 3674 472 3736 l.
486 3695 512 3737 c.
534 3695 565 3757 p.
581 3676 653 3753 185,
676 3683 707 3738 et
728 3677 866 3757 quaeda
887 3675 989 3740 lulicis
1008 3679 1040 3740 in
1057 3678 1145 3759 pelta
1167 3675 1266 3740 Sileni
1286 3693 1368 3738 con-

220 3769 335 3847 spicuis
358 3773 480 3840 monuit
501 3777 693 3841 Gerhardius
721 3777 812 3855 libri,
845 3799 908 3860 qno
931 3779 1066 3840 selectas
1089 3774 1244 3860 quasdam
1265 3795 1369 3841 vaso-

220 3885 288 3928 rum
311 3870 446 3950 picturas
469 3881 500 3937 el
521 3873 693 3964 publicavit
715 3884 746 3941 et
768 3877 926 3961 explicuit,
947 3878 1019 3942 Vol.
1040 3877 1063 3943 1.
1086 3900 1117 3962 p.
1134 3881 1207 3944 219.
1231 3913 1275 3928 -
