<?xml version="1.0" encoding="UTF-8"?>
<!DOCTYPE html PUBLIC "-//W3C//DTD XHTML 1.0 Transitional//EN"
    "http://www.w3.org/TR/xhtml1/DTD/xhtml1-transitional.dtd">
<html xmlns="http://www.w3.org/1999/xhtml" xml:lang="en" lang="en">
 <head>
  <title>
</title>
<meta http-equiv="Content-Type" content="text/html;charset=utf-8" />
  <meta name='ocr-system' content='tesseract 3.04.00' />
  <meta name='ocr-capabilities' content='ocr_page ocr_carea ocr_par ocr_line ocrx_word'/>
</head>
<body>
  <div class='ocr_page' id='page_1' title='image "./adversariainaea01wiesgoog_0090.png"; bbox 0 0 2910 4654; ppageno 0'>
   <div class='ocr_carea' id='block_1_1' title="bbox 584 128 797 188">
    <p class='ocr_par' dir='ltr' id='par_1_1' title="bbox 584 128 797 188">
     <span class='ocr_line' id='line_1_1' title="bbox 584 128 797 188; baseline -0.009 -12"><span class='ocrx_word' id='word_1_1' title='bbox 584 128 797 188; x_wconf 69' lang='grc'>..77-</span> 
     </span>
    </p>
   </div>
   <div class='ocr_carea' id='block_1_2' title="bbox 111 293 1319 1611">
    <p class='ocr_par' dir='ltr' id='par_1_2' title="bbox 111 293 1319 1611">
     <span class='ocr_line' id='line_1_2' title="bbox 113 293 1260 378; baseline 0.003 -20"><span class='ocrx_word' id='word_1_2' title='bbox 113 295 268 358; x_wconf 73' lang='lat' dir='ltr'><strong>tutaretur</strong></span> <span class='ocrx_word' id='word_1_3' title='bbox 289 327 331 344; x_wconf 89' lang='lat'>-</span> <span class='ocrx_word' id='word_1_4' title='bbox 353 311 426 360; x_wconf 88' lang='lat' dir='ltr'><strong>nam</strong></span> <span class='ocrx_word' id='word_1_5' title='bbox 446 296 511 362; x_wconf 86' lang='lat' dir='ltr'><strong>hoe</strong></span> <span class='ocrx_word' id='word_1_6' title='bbox 531 293 601 358; x_wconf 89' lang='lat' dir='ltr'><strong>fieri</strong></span> <span class='ocrx_word' id='word_1_7' title='bbox 623 316 688 360; x_wconf 89' lang='lat' dir='ltr'><strong>uon</strong></span> <span class='ocrx_word' id='word_1_8' title='bbox 710 304 816 378; x_wconf 88' lang='lat' dir='ltr'><strong>potest</strong></span> <span class='ocrx_word' id='word_1_9' title='bbox 837 317 876 361; x_wconf 84' lang='lat' dir='ltr'><strong>ex</strong></span> <span class='ocrx_word' id='word_1_10' title='bbox 899 315 970 363; x_wconf 88' lang='lat' dir='ltr'><strong>mea</strong></span> <span class='ocrx_word' id='word_1_11' title='bbox 991 295 1204 361; x_wconf 82' lang='lat' dir='ltr'><strong>sententia-</strong></span> <span class='ocrx_word' id='word_1_12' title='bbox 1227 309 1260 362; x_wconf 90' lang='lat' dir='ltr'><strong>at</strong></span> 
     </span>
     <span class='ocr_line' id='line_1_3' title="bbox 113 400 1259 482; baseline 0.004 -23"><span class='ocrx_word' id='word_1_13' title='bbox 113 405 329 462; x_wconf 78' lang='lat' dir='ltr'><strong>removeretur</strong></span> <span class='ocrx_word' id='word_1_14' title='bbox 349 406 463 463; x_wconf 88' lang='lat' dir='ltr'><strong>tamen.</strong></span> <span class='ocrx_word' id='word_1_15' title='bbox 506 402 577 464; x_wconf 85' lang='lat' dir='ltr'><strong>Hae</strong></span> <span class='ocrx_word' id='word_1_16' title='bbox 598 401 757 482; x_wconf 83' lang='lat' dir='ltr'><strong>posterius</strong></span> <span class='ocrx_word' id='word_1_17' title='bbox 779 402 884 465; x_wconf 90' lang='lat' dir='ltr'><strong>locum</strong></span> <span class='ocrx_word' id='word_1_18' title='bbox 911 400 1058 478; x_wconf 89' lang='lat' dir='ltr'><strong>habebit,</strong></span> <span class='ocrx_word' id='word_1_19' title='bbox 1088 401 1116 464; x_wconf 92' lang='lat' dir='ltr'><strong>si</strong></span> <span class='ocrx_word' id='word_1_20' title='bbox 1145 402 1259 466; x_wconf 85' lang='lat' dir='ltr'><strong>verba:</strong></span> 
     </span>
     <span class='ocr_line' id='line_1_4' title="bbox 117 493 1259 587; baseline 0.001 -20"><span class='ocrx_word' id='word_1_21' title='bbox 117 493 156 567; x_wconf 74' lang='grc' dir='ltr'><strong>οὐ</strong></span> <span class='ocrx_word' id='word_1_22' title='bbox 170 497 234 584; x_wconf 77' lang='grc' dir='ltr'><strong>γάρ</strong></span> <span class='ocrx_word' id='word_1_23' title='bbox 254 506 321 567; x_wconf 75' lang='grc' dir='ltr'><strong><em>ἐστι</em></strong></span> <span class='ocrx_word' id='word_1_24' title='bbox 338 502 549 587; x_wconf 71' lang='grc' dir='ltr'><strong><em>Σποργίλοςς</em></strong></span> <span class='ocrx_word' id='word_1_25' title='bbox 579 503 607 566; x_wconf 90' lang='lat' dir='ltr'><strong>ei</strong></span> <span class='ocrx_word' id='word_1_26' title='bbox 625 503 740 566; x_wconf 87' lang='lat' dir='ltr'><strong>tributa</strong></span> <span class='ocrx_word' id='word_1_27' title='bbox 762 504 886 584; x_wconf 84' lang='lat' dir='ltr'><strong>fuerint,</strong></span> <span class='ocrx_word' id='word_1_28' title='bbox 905 506 959 587; x_wconf 92' lang='lat' dir='ltr'><strong>qui</strong></span> <span class='ocrx_word' id='word_1_29' title='bbox 976 504 1115 586; x_wconf 82' lang='lat' dir='ltr'><strong>priorem</strong></span> <span class='ocrx_word' id='word_1_30' title='bbox 1136 515 1259 586; x_wconf 88' lang='lat' dir='ltr'><strong>partem</strong></span> 
     </span>
     <span class='ocr_line' id='line_1_5' title="bbox 114 605 1258 690; baseline 0.001 -21"><span class='ocrx_word' id='word_1_31' title='bbox 114 626 222 669; x_wconf 86' lang='lat' dir='ltr'><strong>versus</strong></span> <span class='ocrx_word' id='word_1_32' title='bbox 233 607 297 684; x_wconf 87' lang='grc'><strong>300</strong></span> <span class='ocrx_word' id='word_1_33' title='bbox 310 606 417 684; x_wconf 90' lang='lat' dir='ltr'><strong>habet,</strong></span> <span class='ocrx_word' id='word_1_34' title='bbox 439 625 513 690; x_wconf 90' lang='lat' dir='ltr'><strong>ergo</strong></span> <span class='ocrx_word' id='word_1_35' title='bbox 526 605 724 669; x_wconf 87' lang='lat' dir='ltr'><strong>Pisthetaero</strong></span> <span class='ocrx_word' id='word_1_36' title='bbox 738 627 777 669; x_wconf 87' lang='lat' dir='ltr'><strong>ex</strong></span> <span class='ocrx_word' id='word_1_37' title='bbox 795 608 951 672; x_wconf 85' lang='lat' dir='ltr'><strong>sententia</strong></span> <span class='ocrx_word' id='word_1_38' title='bbox 962 608 1124 672; x_wconf 89' lang='lat' dir='ltr'><strong>Sueveruii</strong></span> <span class='ocrx_word' id='word_1_39' title='bbox 1136 608 1258 671; x_wconf 88' lang='lat' dir='ltr'><strong>etDiu-</strong></span> 
     </span>
     <span class='ocr_line' id='line_1_6' title="bbox 113 708 1257 791; baseline 0.002 -19"><span class='ocrx_word' id='word_1_40' title='bbox 113 708 216 772; x_wconf 87' lang='lat' dir='ltr'><strong>dorfii.</strong></span> <span class='ocrx_word' id='word_1_41' title='bbox 242 710 307 774; x_wconf 88' lang='lat' dir='ltr'><strong>Sed</strong></span> <span class='ocrx_word' id='word_1_42' title='bbox 322 709 374 773; x_wconf 87' lang='lat' dir='ltr'><strong>vel</strong></span> <span class='ocrx_word' id='word_1_43' title='bbox 388 711 434 772; x_wconf 88' lang='lat' dir='ltr'><strong>sie</strong></span> <span class='ocrx_word' id='word_1_44' title='bbox 452 728 516 772; x_wconf 91' lang='lat' dir='ltr'><strong>non</strong></span> <span class='ocrx_word' id='word_1_45' title='bbox 535 717 729 791; x_wconf 88' lang='lat' dir='ltr'><strong>sequeretur,</strong></span> <span class='ocrx_word' id='word_1_46' title='bbox 745 711 862 776; x_wconf 89' lang='lat' dir='ltr'><strong>horum</strong></span> <span class='ocrx_word' id='word_1_47' title='bbox 883 713 1043 776; x_wconf 86' lang='lat' dir='ltr'><strong>decretum</strong></span> <span class='ocrx_word' id='word_1_48' title='bbox 1054 730 1161 773; x_wconf 90' lang='lat' dir='ltr'><strong>verum</strong></span> <span class='ocrx_word' id='word_1_49' title='bbox 1178 730 1257 774; x_wconf 90' lang='lat' dir='ltr'><strong>esse.</strong></span> 
     </span>
     <span class='ocr_line' id='line_1_7' title="bbox 112 811 1258 900; baseline 0.001 -24"><span class='ocrx_word' id='word_1_50' title='bbox 112 812 277 876; x_wconf 83' lang='lat' dir='ltr'><strong>Reiututur</strong></span> <span class='ocrx_word' id='word_1_51' title='bbox 297 813 331 876; x_wconf 90' lang='lat' dir='ltr'><strong>id</strong></span> <span class='ocrx_word' id='word_1_52' title='bbox 353 820 385 896; x_wconf 77' lang='lat' dir='ltr'><strong>et</strong></span> <span class='ocrx_word' id='word_1_53' title='bbox 407 811 536 876; x_wconf 89' lang='lat' dir='ltr'><strong>omnino</strong></span> <span class='ocrx_word' id='word_1_54' title='bbox 559 812 674 877; x_wconf 82' lang='lat' dir='ltr'><strong>tusum</strong></span> <span class='ocrx_word' id='word_1_55' title='bbox 699 835 770 880; x_wconf 87' lang='lat' dir='ltr'><strong>esse</strong></span> <span class='ocrx_word' id='word_1_56' title='bbox 790 815 932 900; x_wconf 78' lang='lat' dir='ltr'><strong>arguitur</strong></span> <span class='ocrx_word' id='word_1_57' title='bbox 952 815 1009 894; x_wconf 93' lang='lat' dir='ltr'><strong>iis,</strong></span> <span class='ocrx_word' id='word_1_58' title='bbox 1040 832 1123 896; x_wconf 87' lang='lat' dir='ltr'><strong>quae</strong></span> <span class='ocrx_word' id='word_1_59' title='bbox 1142 812 1258 899; x_wconf 82' lang='lat' dir='ltr'><strong>legun·-</strong></span> 
     </span>
     <span class='ocr_line' id='line_1_8' title="bbox 112 915 1258 1001; baseline 0.003 -25"><span class='ocrx_word' id='word_1_60' title='bbox 112 922 164 978; x_wconf 89' lang='lat' dir='ltr'><strong>tur</strong></span> <span class='ocrx_word' id='word_1_61' title='bbox 184 916 237 978; x_wconf 88' lang='lat' dir='ltr'><strong>Vs.</strong></span> <span class='ocrx_word' id='word_1_62' title='bbox 254 915 327 978; x_wconf 83' lang='lat'><strong>297.</strong></span> <span class='ocrx_word' id='word_1_63' title='bbox 369 917 440 978; x_wconf 82' lang='lat' dir='ltr'><strong>Hoc</strong></span> <span class='ocrx_word' id='word_1_64' title='bbox 462 915 544 978; x_wconf 90' lang='lat' dir='ltr'><strong>enim</strong></span> <span class='ocrx_word' id='word_1_65' title='bbox 566 915 661 993; x_wconf 88' lang='lat' dir='ltr'><strong>loco,</strong></span> <span class='ocrx_word' id='word_1_66' title='bbox 688 936 801 999; x_wconf 82' lang='lat' dir='ltr'><strong>quum,</strong></span> <span class='ocrx_word' id='word_1_67' title='bbox 823 918 965 1001; x_wconf 84' lang='lat' dir='ltr'><strong>quisquis</strong></span> <span class='ocrx_word' id='word_1_68' title='bbox 986 917 1014 980; x_wconf 92' lang='lat' dir='ltr'><strong>is</strong></span> <span class='ocrx_word' id='word_1_69' title='bbox 1037 923 1094 993; x_wconf 80' lang='lat' dir='ltr'><strong>eat,</strong></span> <span class='ocrx_word' id='word_1_70' title='bbox 1127 917 1180 998; x_wconf 90' lang='lat' dir='ltr'><strong>qui</strong></span> <span class='ocrx_word' id='word_1_71' title='bbox 1201 917 1258 980; x_wconf 89' lang='lat' dir='ltr'><strong>lo-</strong></span> 
     </span>
     <span class='ocr_line' id='line_1_9' title="bbox 113 1014 1258 1106; baseline 0.003 -28"><span class='ocrx_word' id='word_1_72' title='bbox 113 1017 232 1098; x_wconf 85' lang='lat' dir='ltr'><strong>quitur,</strong></span> <span class='ocrx_word' id='word_1_73' title='bbox 271 1017 372 1081; x_wconf 84' lang='lat' dir='ltr'><strong>dicat:</strong></span> <span class='ocrx_word' id='word_1_74' title='bbox 403 1018 541 1084; x_wconf 68' lang='grc' dir='ltr'><strong>ἐκεινοσὶ</strong></span> <span class='ocrx_word' id='word_1_75' title='bbox 583 1017 619 1084; x_wconf 73' lang='grc' dir='ltr'><strong>δὲ</strong></span> <span class='ocrx_word' id='word_1_76' title='bbox 663 1017 714 1102; x_wconf 71' lang='grc' dir='ltr'><strong>νὴ</strong></span> <span class='ocrx_word' id='word_1_77' title='bbox 745 1014 798 1086; x_wconf 80' lang='grc' dir='ltr'><strong>Δί’</strong></span> <span class='ocrx_word' id='word_1_78' title='bbox 839 1015 1010 1106; x_wconf 71' lang='grc' dir='ltr'><strong>ἀτταγᾶς,</strong></span> <span class='ocrx_word' id='word_1_79' title='bbox 1047 1038 1142 1101; x_wconf 87' lang='lat' dir='ltr'><strong>snpra</strong></span> <span class='ocrx_word' id='word_1_80' title='bbox 1181 1037 1258 1082; x_wconf 85' lang='lat' dir='ltr'><strong>vero</strong></span> 
     </span>
     <span class='ocr_line' id='line_1_10' title="bbox 111 1118 1319 1206; baseline 0.002 -24"><span class='ocrx_word' id='word_1_81' title='bbox 111 1118 166 1182; x_wconf 84' lang='lat' dir='ltr'><strong>Vs.</strong></span> <span class='ocrx_word' id='word_1_82' title='bbox 185 1118 249 1184; x_wconf 73' lang='lat'><strong>249</strong></span> <span class='ocrx_word' id='word_1_83' title='bbox 276 1123 388 1203; x_wconf 85' lang='lat' dir='ltr'><strong>Upnpa</strong></span> <span class='ocrx_word' id='word_1_84' title='bbox 417 1118 602 1184; x_wconf 89' lang='lat' dir='ltr'><strong>nominatim</strong></span> <span class='ocrx_word' id='word_1_85' title='bbox 632 1122 837 1189; x_wconf 77' lang='lat' dir='ltr'><strong>advocaverit</strong></span> <span class='ocrx_word' id='word_1_86' title='bbox 857 1129 1050 1206; x_wconf 82' lang='lat' dir='ltr'><strong>attagenem,</strong></span> <span class='ocrx_word' id='word_1_87' title='bbox 1082 1123 1115 1186; x_wconf 90' lang='lat' dir='ltr'><strong>iu</strong></span> <span class='ocrx_word' id='word_1_88' title='bbox 1135 1141 1259 1205; x_wconf 88' lang='lat' dir='ltr'><strong>propa-</strong></span> <span class='ocrx_word' id='word_1_89' title='bbox 1316 1159 1319 1170; x_wconf 89' lang='lat'>.</span> 
     </span>
     <span class='ocr_line' id='line_1_11' title="bbox 114 1216 1259 1307; baseline 0.003 -23"><span class='ocrx_word' id='word_1_90' title='bbox 114 1220 183 1284; x_wconf 85' lang='lat' dir='ltr'><strong>tulo</strong></span> <span class='ocrx_word' id='word_1_91' title='bbox 200 1229 248 1284; x_wconf 91' lang='lat' dir='ltr'><strong>est</strong></span> <span class='ocrx_word' id='word_1_92' title='bbox 262 1222 365 1298; x_wconf 86' lang='lat' dir='ltr'><strong>situm,</strong></span> <span class='ocrx_word' id='word_1_93' title='bbox 386 1220 466 1286; x_wconf 92' lang='lat' dir='ltr'><strong>illud</strong></span> <span class='ocrx_word' id='word_1_94' title='bbox 486 1216 529 1306; x_wconf 76' lang='grc' dir='ltr'><strong>νὴ</strong></span> <span class='ocrx_word' id='word_1_95' title='bbox 550 1223 614 1290; x_wconf 76' lang='grc' dir='ltr'><strong>Δία</strong></span> <span class='ocrx_word' id='word_1_96' title='bbox 637 1241 706 1286; x_wconf 86' lang='lat' dir='ltr'><strong>esse</strong></span> <span class='ocrx_word' id='word_1_97' title='bbox 734 1225 877 1307; x_wconf 79' lang='lat' dir='ltr'><strong>alicujus,</strong></span> <span class='ocrx_word' id='word_1_98' title='bbox 899 1225 953 1306; x_wconf 90' lang='lat' dir='ltr'><strong>qui</strong></span> <span class='ocrx_word' id='word_1_99' title='bbox 973 1224 1177 1305; x_wconf 71' lang='lat' dir='ltr'><strong>mirabundus</strong></span> <span class='ocrx_word' id='word_1_100' title='bbox 1199 1244 1259 1288; x_wconf 87' lang='lat' dir='ltr'><strong>ex·-</strong></span> 
     </span>
     <span class='ocr_line' id='line_1_12' title="bbox 113 1321 1259 1410; baseline 0.003 -23"><span class='ocrx_word' id='word_1_101' title='bbox 113 1321 243 1399; x_wconf 87' lang='lat' dir='ltr'><strong>elamet,</strong></span> <span class='ocrx_word' id='word_1_102' title='bbox 274 1329 452 1406; x_wconf 72' lang='lat' dir='ltr'><strong>attagenem</strong></span> <span class='ocrx_word' id='word_1_103' title='bbox 474 1325 515 1387; x_wconf 89' lang='lat' dir='ltr'><strong>ab</strong></span> <span class='ocrx_word' id='word_1_104' title='bbox 537 1326 651 1406; x_wconf 85' lang='lat' dir='ltr'><strong>Upupa</strong></span> <span class='ocrx_word' id='word_1_105' title='bbox 681 1324 868 1388; x_wconf 85' lang='lat' dir='ltr'><strong>advocatum</strong></span> <span class='ocrx_word' id='word_1_106' title='bbox 890 1343 1002 1388; x_wconf 88' lang='lat' dir='ltr'><strong>revera</strong></span> <span class='ocrx_word' id='word_1_107' title='bbox 1030 1326 1162 1405; x_wconf 86' lang='lat' dir='ltr'><strong>adesse;</strong></span> <span class='ocrx_word' id='word_1_108' title='bbox 1193 1347 1259 1410; x_wconf 89' lang='lat' dir='ltr'><strong>quo</strong></span> 
     </span>
     <span class='ocr_line' id='line_1_13' title="bbox 112 1425 1259 1510; baseline 0.002 -22"><span class='ocrx_word' id='word_1_109' title='bbox 112 1425 254 1502; x_wconf 84' lang='lat' dir='ltr'><strong>efficitur,</strong></span> <span class='ocrx_word' id='word_1_110' title='bbox 277 1432 312 1489; x_wconf 92' lang='lat' dir='ltr'><strong>ut</strong></span> <span class='ocrx_word' id='word_1_111' title='bbox 332 1425 369 1504; x_wconf 90' lang='lat' dir='ltr'><strong>is,</strong></span> <span class='ocrx_word' id='word_1_112' title='bbox 392 1425 445 1508; x_wconf 87' lang='lat' dir='ltr'><strong>qui</strong></span> <span class='ocrx_word' id='word_1_113' title='bbox 468 1426 617 1508; x_wconf 86' lang='lat' dir='ltr'><strong>loquitur,</strong></span> <span class='ocrx_word' id='word_1_114' title='bbox 640 1429 752 1510; x_wconf 88' lang='lat' dir='ltr'><strong>Upupa</strong></span> <span class='ocrx_word' id='word_1_115' title='bbox 773 1427 844 1510; x_wconf 90' lang='lat' dir='ltr'><strong>ipsa</strong></span> <span class='ocrx_word' id='word_1_116' title='bbox 866 1447 935 1493; x_wconf 87' lang='lat' dir='ltr'><strong>esse</strong></span> <span class='ocrx_word' id='word_1_117' title='bbox 958 1447 1022 1491; x_wconf 90' lang='lat' dir='ltr'><strong>nou</strong></span> <span class='ocrx_word' id='word_1_118' title='bbox 1043 1429 1153 1510; x_wconf 88' lang='lat' dir='ltr'><strong>possit.</strong></span> <span class='ocrx_word' id='word_1_119' title='bbox 1188 1429 1259 1510; x_wconf 83' lang='lat' dir='ltr'><strong>Ap-</strong></span> 
     </span>
     <span class='ocr_line' id='line_1_14' title="bbox 113 1525 1259 1611; baseline 0.004 -24"><span class='ocrx_word' id='word_1_120' title='bbox 113 1533 207 1608; x_wconf 87' lang='lat' dir='ltr'><strong>paret</strong></span> <span class='ocrx_word' id='word_1_121' title='bbox 225 1525 339 1608; x_wconf 89' lang='lat' dir='ltr'><strong>igitur,</strong></span> <span class='ocrx_word' id='word_1_122' title='bbox 368 1525 612 1606; x_wconf 79' lang='lat' dir='ltr'><strong>risuemerum,</strong></span> <span class='ocrx_word' id='word_1_123' title='bbox 647 1529 701 1611; x_wconf 91' lang='lat' dir='ltr'><strong>qui</strong></span> <span class='ocrx_word' id='word_1_124' title='bbox 731 1530 825 1594; x_wconf 83' lang='lat' dir='ltr'><strong>etiarn</strong></span> <span class='ocrx_word' id='word_1_125' title='bbox 855 1529 934 1593; x_wconf 88' lang='lat' dir='ltr'><strong>alias</strong></span> <span class='ocrx_word' id='word_1_126' title='bbox 966 1529 1189 1611; x_wconf 85' lang='lat' dir='ltr'><strong>peritissimum</strong></span> <span class='ocrx_word' id='word_1_127' title='bbox 1223 1549 1259 1592; x_wconf 90' lang='lat' dir='ltr'><strong>se</strong></span> 
     </span>
    </p>
   </div>
   <div class='ocr_carea' id='block_1_3' title="bbox 111 1627 1259 1810">
    <p class='ocr_par' dir='ltr' id='par_1_3' title="bbox 111 1627 1259 1810">
     <span class='ocr_line' id='line_1_15' title="bbox 111 1627 1258 1710; baseline 0.001 -19"><span class='ocrx_word' id='word_1_128' title='bbox 111 1627 247 1710; x_wconf 86' lang='lat' dir='ltr'><strong>praehet</strong></span> <span class='ocrx_word' id='word_1_129' title='bbox 272 1635 304 1694; x_wconf 87' lang='lat' dir='ltr'><strong>et</strong></span> <span class='ocrx_word' id='word_1_130' title='bbox 335 1627 554 1710; x_wconf 85' lang='lat' dir='ltr'><strong>gnarissimum</strong></span> <span class='ocrx_word' id='word_1_131' title='bbox 584 1631 722 1694; x_wconf 88' lang='lat' dir='ltr'><strong>omnium</strong></span> <span class='ocrx_word' id='word_1_132' title='bbox 744 1651 866 1710; x_wconf 89' lang='lat' dir='ltr'><strong>rerum,</strong></span> <span class='ocrx_word' id='word_1_133' title='bbox 897 1650 1011 1698; x_wconf 87' lang='lat' dir='ltr'><strong>revera</strong></span> <span class='ocrx_word' id='word_1_134' title='bbox 1040 1651 1114 1698; x_wconf 87' lang='lat' dir='ltr'><strong>aves</strong></span> <span class='ocrx_word' id='word_1_135' title='bbox 1141 1631 1258 1694; x_wconf 84' lang='lat' dir='ltr'><strong>Atticas</strong></span> 
     </span>
     <span class='ocr_line' id='line_1_16' title="bbox 112 1727 1259 1810; baseline 0.001 -18"><span class='ocrx_word' id='word_1_136' title='bbox 112 1727 232 1810; x_wconf 89' lang='lat' dir='ltr'><strong>optime</strong></span> <span class='ocrx_word' id='word_1_137' title='bbox 252 1745 357 1790; x_wconf 87' lang='lat' dir='ltr'><strong>nosse.</strong></span> <span class='ocrx_word' id='word_1_138' title='bbox 398 1728 447 1790; x_wconf 88' lang='lat' dir='ltr'><strong>De</strong></span> <span class='ocrx_word' id='word_1_139' title='bbox 468 1731 632 1809; x_wconf 85' lang='lat' dir='ltr'><strong>Euelpide,</strong></span> <span class='ocrx_word' id='word_1_140' title='bbox 656 1737 690 1791; x_wconf 91' lang='lat' dir='ltr'><strong>ut</strong></span> <span class='ocrx_word' id='word_1_141' title='bbox 711 1731 773 1792; x_wconf 90' lang='lat' dir='ltr'><strong>hae</strong></span> <span class='ocrx_word' id='word_1_142' title='bbox 794 1734 827 1791; x_wconf 91' lang='lat' dir='ltr'><strong>in</strong></span> <span class='ocrx_word' id='word_1_143' title='bbox 849 1746 974 1806; x_wconf 87' lang='lat' dir='ltr'><strong>caussa,</strong></span> <span class='ocrx_word' id='word_1_144' title='bbox 995 1733 1041 1792; x_wconf 90' lang='lat' dir='ltr'><strong>sie</strong></span> <span class='ocrx_word' id='word_1_145' title='bbox 1064 1734 1158 1792; x_wconf 88' lang='lat' dir='ltr'><strong>etiam</strong></span> <span class='ocrx_word' id='word_1_146' title='bbox 1182 1731 1259 1793; x_wconf 87' lang='lat' dir='ltr'><strong>alibi</strong></span> 
     </span>
    </p>
   </div>
   <div class='ocr_carea' id='block_1_4' title="bbox 111 1829 1270 4350">
    <p class='ocr_par' dir='ltr' id='par_1_4' title="bbox 111 1829 1270 4350">
     <span class='ocr_line' id='line_1_17' title="bbox 113 1829 1259 1913; baseline 0 -20"><span class='ocrx_word' id='word_1_147' title='bbox 113 1831 177 1894; x_wconf 88' lang='lat' dir='ltr'><strong>alia</strong></span> <span class='ocrx_word' id='word_1_148' title='bbox 197 1849 249 1892; x_wconf 89' lang='lat' dir='ltr'><strong>res</strong></span> <span class='ocrx_word' id='word_1_149' title='bbox 261 1836 319 1890; x_wconf 83' lang='lat' dir='ltr'><strong>est.</strong></span> <span class='ocrx_word' id='word_1_150' title='bbox 331 1861 374 1876; x_wconf 91' lang='lat'><em>-</em></span> <span class='ocrx_word' id='word_1_151' title='bbox 387 1831 472 1910; x_wconf 81' lang='lat' dir='ltr'><strong>Ergo</strong></span> <span class='ocrx_word' id='word_1_152' title='bbox 485 1847 580 1892; x_wconf 88' lang='lat' dir='ltr'><strong>scena</strong></span> <span class='ocrx_word' id='word_1_153' title='bbox 601 1830 694 1913; x_wconf 88' lang='lat' dir='ltr'><strong>hujus</strong></span> <span class='ocrx_word' id='word_1_154' title='bbox 708 1829 837 1892; x_wconf 80' lang='lat' dir='ltr'><strong>inbutae</strong></span> <span class='ocrx_word' id='word_1_155' title='bbox 857 1838 906 1892; x_wconf 90' lang='lat' dir='ltr'><strong>est</strong></span> <span class='ocrx_word' id='word_1_156' title='bbox 920 1830 952 1892; x_wconf 94' lang='lat' dir='ltr'><strong>in</strong></span> <span class='ocrx_word' id='word_1_157' title='bbox 965 1829 1095 1892; x_wconf 87' lang='lat' dir='ltr'><strong>Pallene</strong></span> <span class='ocrx_word' id='word_1_158' title='bbox 1115 1831 1259 1906; x_wconf 87' lang='lat' dir='ltr'><strong>Thracia,</strong></span> 
     </span>
     <span class='ocr_line' id='line_1_18' title="bbox 112 1931 1259 2012; baseline -0.003 -15"><span class='ocrx_word' id='word_1_159' title='bbox 112 1953 187 1998; x_wconf 87' lang='lat' dir='ltr'><strong>aves</strong></span> <span class='ocrx_word' id='word_1_160' title='bbox 208 1951 304 2009; x_wconf 87' lang='lat' dir='ltr'><strong>vero,</strong></span> <span class='ocrx_word' id='word_1_161' title='bbox 337 1949 377 1994; x_wconf 82' lang='lat' dir='ltr'><strong>ex</strong></span> <span class='ocrx_word' id='word_1_162' title='bbox 407 1931 520 2012; x_wconf 88' lang='lat' dir='ltr'><strong>quibus</strong></span> <span class='ocrx_word' id='word_1_163' title='bbox 549 1932 667 1995; x_wconf 89' lang='lat' dir='ltr'><strong>chorus</strong></span> <span class='ocrx_word' id='word_1_164' title='bbox 712 1939 849 2007; x_wconf 89' lang='lat' dir='ltr'><strong>constat,</strong></span> <span class='ocrx_word' id='word_1_165' title='bbox 881 1932 1024 1995; x_wconf 82' lang='lat' dir='ltr'><strong>Comicus</strong></span> <span class='ocrx_word' id='word_1_166' title='bbox 1045 1933 1163 1994; x_wconf 77' lang='lat' dir='ltr'><strong>Atticas</strong></span> <span class='ocrx_word' id='word_1_167' title='bbox 1194 1933 1259 1994; x_wconf 87' lang='lat' dir='ltr'><strong>ha-</strong></span> 
     </span>
     <span class='ocr_line' id='line_1_19' title="bbox 111 2034 1259 2119; baseline -0.002 -21"><span class='ocrx_word' id='word_1_168' title='bbox 111 2035 182 2100; x_wconf 92' lang='lat' dir='ltr'><strong>beri</strong></span> <span class='ocrx_word' id='word_1_169' title='bbox 211 2036 328 2112; x_wconf 89' lang='lat' dir='ltr'><strong>voluit,</strong></span> <span class='ocrx_word' id='word_1_170' title='bbox 371 2035 405 2098; x_wconf 92' lang='lat' dir='ltr'><strong>id</strong></span> <span class='ocrx_word' id='word_1_171' title='bbox 441 2053 555 2119; x_wconf 84' lang='lat' dir='ltr'><strong>agens,</strong></span> <span class='ocrx_word' id='word_1_172' title='bbox 591 2042 625 2097; x_wconf 91' lang='lat' dir='ltr'><strong>ut</strong></span> <span class='ocrx_word' id='word_1_173' title='bbox 658 2053 698 2097; x_wconf 92' lang='lat' dir='ltr'><strong>eo</strong></span> <span class='ocrx_word' id='word_1_174' title='bbox 730 2034 832 2116; x_wconf 86' lang='lat' dir='ltr'><strong>aptius</strong></span> <span class='ocrx_word' id='word_1_175' title='bbox 860 2034 1014 2116; x_wconf 91' lang='lat' dir='ltr'><strong>populum</strong></span> <span class='ocrx_word' id='word_1_176' title='bbox 1045 2034 1179 2097; x_wconf 76' lang='lat' dir='ltr'><strong>Atticum</strong></span> <span class='ocrx_word' id='word_1_177' title='bbox 1202 2053 1259 2097; x_wconf 82' lang='lat' dir='ltr'><strong>re-</strong></span> 
     </span>
     <span class='ocr_line' id='line_1_20' title="bbox 111 2135 1259 2220; baseline 0.002 -22"><span class='ocrx_word' id='word_1_178' title='bbox 111 2143 317 2220; x_wconf 90' lang='lat' dir='ltr'><strong>praesentare</strong></span> <span class='ocrx_word' id='word_1_179' title='bbox 347 2155 445 2218; x_wconf 89' lang='lat' dir='ltr'><strong>posse</strong></span> <span class='ocrx_word' id='word_1_180' title='bbox 477 2135 670 2211; x_wconf 80' lang='lat' dir='ltr'><strong>viderentur,</strong></span> <span class='ocrx_word' id='word_1_181' title='bbox 700 2135 786 2215; x_wconf 85' lang='lat' dir='ltr'><strong>quud</strong></span> <span class='ocrx_word' id='word_1_182' title='bbox 818 2135 913 2220; x_wconf 75' lang='lat' dir='ltr'><strong>huJus</strong></span> <span class='ocrx_word' id='word_1_183' title='bbox 943 2142 1058 2217; x_wconf 85' lang='lat' dir='ltr'><strong>poetae</strong></span> <span class='ocrx_word' id='word_1_184' title='bbox 1093 2135 1259 2200; x_wconf 88' lang='lat' dir='ltr'><strong>consilium</strong></span> 
     </span>
     <span class='ocr_line' id='line_1_21' title="bbox 112 2237 1258 2315; baseline 0 -13"><span class='ocrx_word' id='word_1_185' title='bbox 112 2237 227 2315; x_wconf 75' lang='lat' dir='ltr'><strong>fuisse,</strong></span> <span class='ocrx_word' id='word_1_186' title='bbox 256 2239 418 2302; x_wconf 87' lang='lat' dir='ltr'><strong>verissime</strong></span> <span class='ocrx_word' id='word_1_187' title='bbox 439 2237 595 2302; x_wconf 83' lang='lat' dir='ltr'><strong>intellexit</strong></span> <span class='ocrx_word' id='word_1_188' title='bbox 616 2239 827 2314; x_wconf 88' lang='lat' dir='ltr'><strong>Suevernius,</strong></span> <span class='ocrx_word' id='word_1_189' title='bbox 858 2245 892 2299; x_wconf 89' lang='lat' dir='ltr'><strong>ut</strong></span> <span class='ocrx_word' id='word_1_190' title='bbox 920 2245 1052 2302; x_wconf 87' lang='lat' dir='ltr'><strong>cunstat.</strong></span> <span class='ocrx_word' id='word_1_191' title='bbox 1103 2237 1174 2301; x_wconf 90' lang='lat' dir='ltr'><strong>Neu</strong></span> <span class='ocrx_word' id='word_1_192' title='bbox 1196 2238 1258 2303; x_wconf 92' lang='lat' dir='ltr'><strong>ad-</strong></span> 
     </span>
     <span class='ocr_line' id='line_1_22' title="bbox 111 2338 1259 2422; baseline -0.002 -18"><span class='ocrx_word' id='word_1_193' title='bbox 111 2341 232 2406; x_wconf 87' lang='lat' dir='ltr'><strong>versari</strong></span> <span class='ocrx_word' id='word_1_194' title='bbox 248 2339 341 2402; x_wconf 87' lang='lat' dir='ltr'><strong>alteri</strong></span> <span class='ocrx_word' id='word_1_195' title='bbox 359 2339 420 2404; x_wconf 90' lang='lat' dir='ltr'><strong>utri</strong></span> <span class='ocrx_word' id='word_1_196' title='bbox 438 2339 611 2405; x_wconf 87' lang='lat' dir='ltr'><strong>sententiae</strong></span> <span class='ocrx_word' id='word_1_197' title='bbox 629 2355 676 2415; x_wconf 88' lang='lat' dir='ltr'><strong>ea,</strong></span> <span class='ocrx_word' id='word_1_198' title='bbox 704 2358 786 2419; x_wconf 89' lang='lat' dir='ltr'><strong>qnae</strong></span> <span class='ocrx_word' id='word_1_199' title='bbox 806 2340 921 2404; x_wconf 89' lang='lat' dir='ltr'><strong>chorus</strong></span> <span class='ocrx_word' id='word_1_200' title='bbox 941 2340 1066 2421; x_wconf 79' lang='lat' dir='ltr'><strong>protect</strong></span> <span class='ocrx_word' id='word_1_201' title='bbox 1087 2338 1127 2401; x_wconf 89' lang='lat' dir='ltr'><strong>da</strong></span> <span class='ocrx_word' id='word_1_202' title='bbox 1149 2340 1259 2422; x_wconf 87' lang='lat' dir='ltr'><strong>Upupa</strong></span> 
     </span>
     <span class='ocr_line' id='line_1_23' title="bbox 114 2441 407 2508; baseline -0.01 -2"><span class='ocrx_word' id='word_1_203' title='bbox 114 2457 232 2508; x_wconf 85' lang='lat' dir='ltr'><strong>canens</strong></span> <span class='ocrx_word' id='word_1_204' title='bbox 253 2443 306 2508; x_wconf 86' lang='lat' dir='ltr'><strong>Vs.</strong></span> <span class='ocrx_word' id='word_1_205' title='bbox 325 2441 407 2506; x_wconf 82' lang='lat'><strong>329:</strong></span> 
     </span>
     <span class='ocr_line' id='line_1_24' title="bbox 540 2536 1146 2632; baseline -0.003 -20"><span class='ocrx_word' id='word_1_206' title='bbox 540 2546 638 2629; x_wconf 67' lang='grc' dir='ltr'><strong><em>φίλος</em></strong></span> <span class='ocrx_word' id='word_1_207' title='bbox 658 2538 719 2632; x_wconf 81' lang='grc' dir='ltr'><strong>ἦν,</strong></span> <span class='ocrx_word' id='word_1_208' title='bbox 740 2538 962 2630; x_wconf 73' lang='grc' dir='ltr'><strong>ὁμότροφά</strong></span> <span class='ocrx_word' id='word_1_209' title='bbox 977 2538 1023 2612; x_wconf 70' lang='grc' dir='ltr'><strong>,θ’</strong></span> <span class='ocrx_word' id='word_1_210' title='bbox 1044 2536 1146 2630; x_wconf 76' lang='grc' dir='ltr'><strong>ἡμῖν</strong></span> 
     </span>
     <span class='ocr_line' id='line_1_25' title="bbox 451 2642 962 2734; baseline 0.004 -20"><span class='ocrx_word' id='word_1_211' title='bbox 451 2647 588 2733; x_wconf 75' lang='grc' dir='ltr'><strong><em>ἐνέμετο</em></strong></span> <span class='ocrx_word' id='word_1_212' title='bbox 612 2649 711 2717; x_wconf 76' lang='lat' dir='ltr'><strong>vuadio</strong></span> <span class='ocrx_word' id='word_1_213' title='bbox 734 2643 827 2734; x_wconf 79' lang='grc' dir='ltr'><strong>παρ’</strong></span> <span class='ocrx_word' id='word_1_214' title='bbox 848 2642 962 2734; x_wconf 73' lang='grc' dir='ltr'><strong><em>ἡμῖν,</em></strong></span> 
     </span>
     <span class='ocr_line' id='line_1_26' title="bbox 112 2745 1259 2834; baseline -0.003 -20"><span class='ocrx_word' id='word_1_215' title='bbox 112 2749 187 2834; x_wconf 86' lang='lat' dir='ltr'><strong>(quo</strong></span> <span class='ocrx_word' id='word_1_216' title='bbox 208 2751 283 2814; x_wconf 89' lang='lat' dir='ltr'><strong>loeo</strong></span> <span class='ocrx_word' id='word_1_217' title='bbox 304 2751 412 2814; x_wconf 86' lang='lat' dir='ltr'><strong>neseio</strong></span> <span class='ocrx_word' id='word_1_218' title='bbox 442 2768 482 2814; x_wconf 88' lang='lat' dir='ltr'><strong>au</strong></span> <span class='ocrx_word' id='word_1_219' title='bbox 514 2760 654 2833; x_wconf 88' lang='lat' dir='ltr'><strong>praestet</strong></span> <span class='ocrx_word' id='word_1_220' title='bbox 681 2753 822 2816; x_wconf 89' lang='lat' dir='ltr'><strong>seribere</strong></span> <span class='ocrx_word' id='word_1_221' title='bbox 855 2745 1040 2834; x_wconf 76' lang='lat' dir='ltr'><strong>dpacpdpe)</strong></span> <span class='ocrx_word' id='word_1_222' title='bbox 1063 2747 1162 2812; x_wconf 85' lang='lat' dir='ltr'><strong>verbo</strong></span> <span class='ocrx_word' id='word_1_223' title='bbox 1185 2768 1259 2812; x_wconf 92' lang='lat' dir='ltr'><strong>mo-</strong></span> 
     </span>
     <span class='ocr_line' id='line_1_27' title="bbox 111 2849 1260 2938; baseline -0.001 -24"><span class='ocrx_word' id='word_1_224' title='bbox 111 2854 219 2918; x_wconf 86' lang='lat' dir='ltr'><strong>nuisse</strong></span> <span class='ocrx_word' id='word_1_225' title='bbox 240 2855 315 2917; x_wconf 87' lang='lat' dir='ltr'><strong>satis</strong></span> <span class='ocrx_word' id='word_1_226' title='bbox 343 2855 460 2918; x_wconf 86' lang='lat' dir='ltr'><strong>habeo.</strong></span> <span class='ocrx_word' id='word_1_227' title='bbox 502 2856 612 2936; x_wconf 86' lang='lat' dir='ltr'><strong>Neque</strong></span> <span class='ocrx_word' id='word_1_228' title='bbox 635 2855 719 2928; x_wconf 85' lang='lat' dir='ltr'><strong>euim</strong></span> <span class='ocrx_word' id='word_1_229' title='bbox 740 2861 873 2938; x_wconf 85' lang='lat' dir='ltr'><strong>negatur</strong></span> <span class='ocrx_word' id='word_1_230' title='bbox 894 2870 950 2930; x_wconf 91' lang='lat' dir='ltr'><strong>eo,</strong></span> <span class='ocrx_word' id='word_1_231' title='bbox 982 2849 1069 2933; x_wconf 89' lang='lat' dir='ltr'><strong>quod</strong></span> <span class='ocrx_word' id='word_1_232' title='bbox 1091 2852 1260 2914; x_wconf 89' lang='lat' dir='ltr'><strong>contendi-</strong></span> 
     </span>
     <span class='ocr_line' id='line_1_28' title="bbox 114 2932 1270 3040; baseline -0.003 -22"><span class='ocrx_word' id='word_1_233' title='bbox 114 2963 184 3032; x_wconf 88' lang='lat' dir='ltr'><strong>tur,</strong></span> <span class='ocrx_word' id='word_1_234' title='bbox 217 2957 362 3040; x_wconf 87' lang='lat' dir='ltr'><strong>Upupam</strong></span> <span class='ocrx_word' id='word_1_235' title='bbox 391 2953 555 3036; x_wconf 85' lang='lat' dir='ltr'><strong>propriam</strong></span> <span class='ocrx_word' id='word_1_236' title='bbox 587 2971 677 3016; x_wconf 91' lang='lat' dir='ltr'><strong>suam</strong></span> <span class='ocrx_word' id='word_1_237' title='bbox 706 2955 816 3018; x_wconf 87' lang='lat' dir='ltr'><strong>sedem</strong></span> <span class='ocrx_word' id='word_1_238' title='bbox 837 2954 956 3016; x_wconf 88' lang='lat' dir='ltr'><strong>hahere</strong></span> <span class='ocrx_word' id='word_1_239' title='bbox 988 2954 1021 3016; x_wconf 92' lang='lat' dir='ltr'><strong>in</strong></span> <span class='ocrx_word' id='word_1_240' title='bbox 1043 2952 1194 3030; x_wconf 79' lang='lat' dir='ltr'><strong>Thracia,</strong></span> <span class='ocrx_word' id='word_1_241' title='bbox 1229 2932 1270 3016; x_wconf 54' lang='lat' dir='ltr'><strong>et⁸</strong></span> 
     </span>
     <span class='ocr_line' id='line_1_29' title="bbox 113 3053 1261 3138; baseline -0.007 -17"><span class='ocrx_word' id='word_1_242' title='bbox 113 3076 209 3132; x_wconf 89' lang='lat' dir='ltr'><strong>aves,</strong></span> <span class='ocrx_word' id='word_1_243' title='bbox 233 3059 406 3138; x_wconf 80' lang='lat' dir='ltr'><strong>exquibus</strong></span> <span class='ocrx_word' id='word_1_244' title='bbox 430 3057 546 3120; x_wconf 88' lang='lat' dir='ltr'><strong>chorus</strong></span> <span class='ocrx_word' id='word_1_245' title='bbox 570 3063 712 3130; x_wconf 88' lang='lat' dir='ltr'><strong>constat,</strong></span> <span class='ocrx_word' id='word_1_246' title='bbox 741 3056 773 3117; x_wconf 93' lang='lat' dir='ltr'><strong>in</strong></span> <span class='ocrx_word' id='word_1_247' title='bbox 795 3054 914 3129; x_wconf 81' lang='lat' dir='ltr'><strong>Attica,</strong></span> <span class='ocrx_word' id='word_1_248' title='bbox 935 3053 995 3116; x_wconf 89' lang='lat' dir='ltr'><strong>has</strong></span> <span class='ocrx_word' id='word_1_249' title='bbox 1019 3061 1050 3114; x_wconf 85' lang='lat' dir='ltr'><strong>et</strong></span> <span class='ocrx_word' id='word_1_250' title='bbox 1070 3053 1158 3114; x_wconf 91' lang='lat' dir='ltr'><strong>illam</strong></span> <span class='ocrx_word' id='word_1_251' title='bbox 1178 3072 1261 3114; x_wconf 90' lang='lat' dir='ltr'><strong>eou-</strong></span> 
     </span>
     <span class='ocr_line' id='line_1_30' title="bbox 115 3153 1261 3241; baseline -0.004 -21"><span class='ocrx_word' id='word_1_252' title='bbox 115 3158 281 3220; x_wconf 83' lang='lat' dir='ltr'><strong>suetudiue</strong></span> <span class='ocrx_word' id='word_1_253' title='bbox 312 3160 358 3222; x_wconf 90' lang='lat' dir='ltr'><strong>uti</strong></span> <span class='ocrx_word' id='word_1_254' title='bbox 380 3157 491 3223; x_wconf 86' lang='lat' dir='ltr'><strong>solitus</strong></span> <span class='ocrx_word' id='word_1_255' title='bbox 517 3159 623 3234; x_wconf 81' lang='lat' dir='ltr'><strong>tuisse,</strong></span> <span class='ocrx_word' id='word_1_256' title='bbox 645 3160 733 3241; x_wconf 85' lang='lat' dir='ltr'><strong>cujus</strong></span> <span class='ocrx_word' id='word_1_257' title='bbox 756 3159 842 3220; x_wconf 89' lang='lat' dir='ltr'><strong>etin</strong></span> <span class='ocrx_word' id='word_1_258' title='bbox 865 3173 959 3220; x_wconf 91' lang='lat' dir='ltr'><strong>versu</strong></span> <span class='ocrx_word' id='word_1_259' title='bbox 979 3154 1043 3216; x_wconf 90' lang='lat'><strong>200</strong></span> <span class='ocrx_word' id='word_1_260' title='bbox 1061 3153 1143 3216; x_wconf 91' lang='lat' dir='ltr'><strong>inest</strong></span> <span class='ocrx_word' id='word_1_261' title='bbox 1159 3153 1261 3234; x_wconf 91' lang='lat' dir='ltr'><strong>signi-</strong></span> 
     </span>
     <span class='ocr_line' id='line_1_31' title="bbox 112 3255 1262 3342; baseline -0.002 -22"><span class='ocrx_word' id='word_1_262' title='bbox 112 3257 222 3322; x_wconf 84' lang='lat' dir='ltr'><strong>ficatio</strong></span> <span class='ocrx_word' id='word_1_263' title='bbox 244 3267 276 3322; x_wconf 90' lang='lat' dir='ltr'><strong>et</strong></span> <span class='ocrx_word' id='word_1_264' title='bbox 295 3260 329 3322; x_wconf 91' lang='lat' dir='ltr'><strong>id</strong></span> <span class='ocrx_word' id='word_1_265' title='bbox 349 3259 471 3342; x_wconf 91' lang='lat' dir='ltr'><strong>ipsum,</strong></span> <span class='ocrx_word' id='word_1_266' title='bbox 503 3260 592 3340; x_wconf 88' lang='lat' dir='ltr'><strong>quod</strong></span> <span class='ocrx_word' id='word_1_267' title='bbox 613 3277 689 3322; x_wconf 86' lang='lat' dir='ltr'><strong>aves</strong></span> <span class='ocrx_word' id='word_1_268' title='bbox 711 3260 887 3322; x_wconf 80' lang='lat' dir='ltr'><strong>advocatae</strong></span> <span class='ocrx_word' id='word_1_269' title='bbox 908 3257 1051 3339; x_wconf 90' lang='lat' dir='ltr'><strong>Upupam</strong></span> <span class='ocrx_word' id='word_1_270' title='bbox 1073 3255 1262 3322; x_wconf 84' lang='lat' dir='ltr'><strong>conveniunt</strong></span> 
     </span>
     <span class='ocr_line' id='line_1_32' title="bbox 112 3358 1260 3445; baseline -0.003 -21"><span class='ocrx_word' id='word_1_271' title='bbox 112 3361 392 3425; x_wconf 87' lang='lat' dir='ltr'><strong>luculentissimum</strong></span> <span class='ocrx_word' id='word_1_272' title='bbox 414 3361 544 3426; x_wconf 82' lang='lat' dir='ltr'><strong>exhibet</strong></span> <span class='ocrx_word' id='word_1_273' title='bbox 572 3362 750 3445; x_wconf 83' lang='lat' dir='ltr'><strong>exemplum</strong></span> <span class='ocrx_word' id='word_1_274' title='bbox 777 3379 881 3443; x_wconf 88' lang='lat' dir='ltr'><strong>neque</strong></span> <span class='ocrx_word' id='word_1_275' title='bbox 909 3359 989 3424; x_wconf 92' lang='lat' dir='ltr'><strong>illud</strong></span> <span class='ocrx_word' id='word_1_276' title='bbox 1011 3379 1070 3424; x_wconf 90' lang='lat' dir='ltr'><strong>suo</strong></span> <span class='ocrx_word' id='word_1_277' title='bbox 1091 3358 1124 3422; x_wconf 88' lang='lat' dir='ltr'><strong>in</strong></span> <span class='ocrx_word' id='word_1_278' title='bbox 1145 3377 1260 3442; x_wconf 83' lang='lat' dir='ltr'><strong>genere</strong></span> 
     </span>
     <span class='ocr_line' id='line_1_33' title="bbox 112 3462 1261 3548; baseline -0.002 -24"><span class='ocrx_word' id='word_1_279' title='bbox 112 3463 265 3545; x_wconf 88' lang='lat' dir='ltr'><strong>primum,</strong></span> <span class='ocrx_word' id='word_1_280' title='bbox 286 3469 322 3526; x_wconf 88' lang='lat' dir='ltr'><strong>ut</strong></span> <span class='ocrx_word' id='word_1_281' title='bbox 343 3483 362 3524; x_wconf 90' lang='lat' dir='ltr'><strong>e</strong></span> <span class='ocrx_word' id='word_1_282' title='bbox 383 3465 437 3528; x_wconf 86' lang='lat' dir='ltr'><strong>Vs.</strong></span> <span class='ocrx_word' id='word_1_283' title='bbox 461 3464 525 3530; x_wconf 78' lang='lat'><strong>204</strong></span> <span class='ocrx_word' id='word_1_284' title='bbox 542 3483 590 3546; x_wconf 84' lang='lat' dir='ltr'><strong>sq.</strong></span> <span class='ocrx_word' id='word_1_285' title='bbox 613 3475 754 3548; x_wconf 89' lang='lat' dir='ltr'><strong>apparet.</strong></span> <span class='ocrx_word' id='word_1_286' title='bbox 798 3464 888 3540; x_wconf 88' lang='lat' dir='ltr'><strong>Quae</strong></span> <span class='ocrx_word' id='word_1_287' title='bbox 911 3483 1007 3546; x_wconf 82' lang='lat' dir='ltr'><strong>quum</strong></span> <span class='ocrx_word' id='word_1_288' title='bbox 1027 3463 1071 3528; x_wconf 88' lang='lat' dir='ltr'><strong>ita</strong></span> <span class='ocrx_word' id='word_1_289' title='bbox 1094 3462 1173 3536; x_wconf 87' lang='lat' dir='ltr'><strong>sint,</strong></span> <span class='ocrx_word' id='word_1_290' title='bbox 1195 3479 1261 3524; x_wconf 88' lang='lat' dir='ltr'><strong>non</strong></span> 
     </span>
     <span class='ocr_line' id='line_1_34' title="bbox 111 3564 1261 3645; baseline -0.007 -14"><span class='ocrx_word' id='word_1_291' title='bbox 111 3567 238 3632; x_wconf 84' lang='lat' dir='ltr'><strong>videtur</strong></span> <span class='ocrx_word' id='word_1_292' title='bbox 269 3564 474 3628; x_wconf 86' lang='lat' dir='ltr'><strong>dubitandum</strong></span> <span class='ocrx_word' id='word_1_293' title='bbox 504 3585 575 3630; x_wconf 85' lang='lat' dir='ltr'><strong>esse</strong></span> <span class='ocrx_word' id='word_1_294' title='bbox 607 3570 779 3632; x_wconf 84' lang='lat' dir='ltr'><strong>seeundum</strong></span> <span class='ocrx_word' id='word_1_295' title='bbox 811 3585 870 3640; x_wconf 85' lang='lat' dir='ltr'><strong>aa,</strong></span> <span class='ocrx_word' id='word_1_296' title='bbox 915 3583 996 3645; x_wconf 85' lang='lat' dir='ltr'><strong>quae</strong></span> <span class='ocrx_word' id='word_1_297' title='bbox 1029 3581 1133 3642; x_wconf 89' lang='lat' dir='ltr'><strong>neque</strong></span> <span class='ocrx_word' id='word_1_298' title='bbox 1166 3569 1261 3624; x_wconf 89' lang='lat' dir='ltr'><strong>antea</strong></span> 
     </span>
     <span class='ocr_line' id='line_1_35' title="bbox 111 3665 1261 3751; baseline -0.002 -21"><span class='ocrx_word' id='word_1_299' title='bbox 111 3671 221 3751; x_wconf 90' lang='lat' dir='ltr'><strong>ignota</strong></span> <span class='ocrx_word' id='word_1_300' title='bbox 237 3675 327 3730; x_wconf 88' lang='lat' dir='ltr'><strong>erant</strong></span> <span class='ocrx_word' id='word_1_301' title='bbox 345 3675 377 3730; x_wconf 88' lang='lat' dir='ltr'><strong>et</strong></span> <span class='ocrx_word' id='word_1_302' title='bbox 394 3666 518 3732; x_wconf 81' lang='lat' dir='ltr'><strong>firmata</strong></span> <span class='ocrx_word' id='word_1_303' title='bbox 535 3674 608 3732; x_wconf 88' lang='lat' dir='ltr'><strong>sunt</strong></span> <span class='ocrx_word' id='word_1_304' title='bbox 630 3676 724 3748; x_wconf 86' lang='lat' dir='ltr'><strong>atque</strong></span> <span class='ocrx_word' id='word_1_305' title='bbox 743 3667 920 3730; x_wconf 86' lang='lat' dir='ltr'><strong>accuratius</strong></span> <span class='ocrx_word' id='word_1_306' title='bbox 943 3665 1088 3747; x_wconf 86' lang='lat' dir='ltr'><strong>exposita</strong></span> <span class='ocrx_word' id='word_1_307' title='bbox 1107 3665 1147 3727; x_wconf 87' lang='lat' dir='ltr'><strong>ab</strong></span> <span class='ocrx_word' id='word_1_308' title='bbox 1165 3665 1261 3728; x_wconf 93' lang='lat' dir='ltr'><strong>Odo-</strong></span> 
     </span>
     <span class='ocr_line' id='line_1_36' title="bbox 111 3766 1259 3852; baseline -0.001 -21"><span class='ocrx_word' id='word_1_309' title='bbox 111 3768 205 3831; x_wconf 83' lang='lat' dir='ltr'><strong>iredo</strong></span> <span class='ocrx_word' id='word_1_310' title='bbox 227 3767 383 3834; x_wconf 81' lang='lat' dir='ltr'><strong>Muelleru</strong></span> <span class='ocrx_word' id='word_1_311' title='bbox 403 3769 484 3832; x_wconf 83' lang='lat' dir='ltr'><strong>Mus.</strong></span> <span class='ocrx_word' id='word_1_312' title='bbox 503 3767 648 3834; x_wconf 83' lang='lat' dir='ltr'><strong>Rheuan.</strong></span> <span class='ocrx_word' id='word_1_313' title='bbox 667 3785 695 3830; x_wconf 89' lang='lat' dir='ltr'><strong>a.</strong></span> <span class='ocrx_word' id='word_1_314' title='bbox 719 3767 803 3832; x_wconf 79' lang='lat'>1837</span> <span class='ocrx_word' id='word_1_315' title='bbox 828 3767 879 3830; x_wconf 87' lang='lat' dir='ltr'><strong>ed.</strong></span> <span class='ocrx_word' id='word_1_316' title='bbox 900 3766 979 3830; x_wconf 83' lang='lat' dir='ltr'><strong>iaso.</strong></span> <span class='ocrx_word' id='word_1_317' title='bbox 994 3766 1025 3827; x_wconf 88' lang='grc'><strong>3.</strong></span> <span class='ocrx_word' id='word_1_318' title='bbox 1046 3786 1077 3848; x_wconf 90' lang='lat' dir='ltr'><strong>p.</strong></span> <span class='ocrx_word' id='word_1_319' title='bbox 1096 3766 1158 3830; x_wconf 85' lang='lat'><strong>351</strong></span> <span class='ocrx_word' id='word_1_320' title='bbox 1181 3787 1259 3852; x_wconf 75' lang='lat' dir='ltr'><strong>sqq,</strong></span> 
     </span>
     <span class='ocr_line' id='line_1_37' title="bbox 112 3867 1260 3953; baseline 0 -21"><span class='ocrx_word' id='word_1_321' title='bbox 112 3868 188 3952; x_wconf 89' lang='lat' dir='ltr'><strong>quin</strong></span> <span class='ocrx_word' id='word_1_322' title='bbox 209 3869 325 3933; x_wconf 77' lang='lat' dir='ltr'><strong>uhorm</strong></span> <span class='ocrx_word' id='word_1_323' title='bbox 347 3887 406 3952; x_wconf 88' lang='lat' dir='ltr'><strong>per</strong></span> <span class='ocrx_word' id='word_1_324' title='bbox 427 3889 500 3933; x_wconf 91' lang='lat' dir='ltr'><strong>eum</strong></span> <span class='ocrx_word' id='word_1_325' title='bbox 522 3869 643 3934; x_wconf 87' lang='lat' dir='ltr'><strong>aditum</strong></span> <span class='ocrx_word' id='word_1_326' title='bbox 664 3871 825 3953; x_wconf 81' lang='lat' dir='ltr'><strong>ingressus</strong></span> <span class='ocrx_word' id='word_1_327' title='bbox 848 3869 941 3932; x_wconf 87' lang='lat' dir='ltr'><strong>sitin</strong></span> <span class='ocrx_word' id='word_1_328' title='bbox 964 3867 1177 3946; x_wconf 86' lang='lat' dir='ltr'><strong>orchestram,</strong></span> <span class='ocrx_word' id='word_1_329' title='bbox 1207 3870 1260 3950; x_wconf 93' lang='lat' dir='ltr'><strong>qui</strong></span> 
     </span>
     <span class='ocr_line' id='line_1_38' title="bbox 112 3969 1260 4055; baseline -0.003 -21"><span class='ocrx_word' id='word_1_330' title='bbox 112 3971 343 4055; x_wconf 83' lang='lat' dir='ltr'><strong>spectatoribus</strong></span> <span class='ocrx_word' id='word_1_331' title='bbox 365 3973 407 4036; x_wconf 90' lang='lat' dir='ltr'><strong>ad</strong></span> <span class='ocrx_word' id='word_1_332' title='bbox 428 3973 572 4036; x_wconf 83' lang='lat' dir='ltr'><strong>dextram</strong></span> <span class='ocrx_word' id='word_1_333' title='bbox 594 3979 676 4048; x_wconf 81' lang='lat' dir='ltr'><strong>erat3</strong></span> <span class='ocrx_word' id='word_1_334' title='bbox 711 3971 772 4037; x_wconf 91' lang='lat' dir='ltr'><strong>nisi</strong></span> <span class='ocrx_word' id='word_1_335' title='bbox 792 3972 876 4036; x_wconf 83' lang='lat' dir='ltr'><strong>forte</strong></span> <span class='ocrx_word' id='word_1_336' title='bbox 897 3969 967 4052; x_wconf 79' lang='lat' dir='ltr'><strong>guis</strong></span> <span class='ocrx_word' id='word_1_337' title='bbox 989 3974 1187 4037; x_wconf 85' lang='lat' dir='ltr'><strong>statuendum</strong></span> <span class='ocrx_word' id='word_1_338' title='bbox 1209 3972 1260 4043; x_wconf 82' lang='lat' dir='ltr'><strong>ait,</strong></span> 
     </span>
     <span class='ocr_line' id='line_1_39' title="bbox 112 4072 1260 4156; baseline -0.005 -20"><span class='ocrx_word' id='word_1_339' title='bbox 112 4091 189 4138; x_wconf 88' lang='lat' dir='ltr'><strong>aves</strong></span> <span class='ocrx_word' id='word_1_340' title='bbox 220 4074 288 4156; x_wconf 83' lang='lat' dir='ltr'><strong>jum</strong></span> <span class='ocrx_word' id='word_1_341' title='bbox 318 4082 391 4141; x_wconf 85' lang='lat' dir='ltr'><strong>ente</strong></span> <span class='ocrx_word' id='word_1_342' title='bbox 427 4075 531 4156; x_wconf 88' lang='lat' dir='ltr'><strong>ipsam</strong></span> <span class='ocrx_word' id='word_1_343' title='bbox 562 4074 806 4140; x_wconf 87' lang='lat' dir='ltr'><strong>advocationem</strong></span> <span class='ocrx_word' id='word_1_344' title='bbox 838 4073 871 4135; x_wconf 93' lang='lat' dir='ltr'><strong>in</strong></span> <span class='ocrx_word' id='word_1_345' title='bbox 903 4072 1016 4140; x_wconf 81' lang='lat' dir='ltr'><strong>vicinia</strong></span> <span class='ocrx_word' id='word_1_346' title='bbox 1053 4078 1260 4156; x_wconf 87' lang='lat' dir='ltr'><strong>congregatas</strong></span> 
     </span>
     <span class='ocr_line' id='line_1_40' title="bbox 113 4169 1257 4260; baseline -0.003 -21"><span class='ocrx_word' id='word_1_347' title='bbox 113 4174 299 4258; x_wconf 82' lang='lat' dir='ltr'><strong>cogitandas</strong></span> <span class='ocrx_word' id='word_1_348' title='bbox 335 4193 426 4254; x_wconf 82' lang='lat' dir='ltr'><strong>esse3</strong></span> <span class='ocrx_word' id='word_1_349' title='bbox 458 4178 545 4260; x_wconf 88' lang='lat' dir='ltr'><strong>quod</strong></span> <span class='ocrx_word' id='word_1_350' title='bbox 573 4177 651 4245; x_wconf 82' lang='lat' dir='ltr'><strong>mihi</strong></span> <span class='ocrx_word' id='word_1_351' title='bbox 674 4177 801 4260; x_wconf 87' lang='lat' dir='ltr'><strong>quidem</strong></span> <span class='ocrx_word' id='word_1_352' title='bbox 833 4193 889 4252; x_wconf 89' lang='lat' dir='ltr'><strong>ea,</strong></span> <span class='ocrx_word' id='word_1_353' title='bbox 928 4194 1011 4258; x_wconf 89' lang='lat' dir='ltr'><strong>quae</strong></span> <span class='ocrx_word' id='word_1_354' title='bbox 1034 4192 1130 4255; x_wconf 84' lang='lat' dir='ltr'><strong>supra</strong></span> <span class='ocrx_word' id='word_1_355' title='bbox 1163 4191 1194 4248; x_wconf 90' lang='lat' dir='ltr'><strong>p.</strong></span> <span class='ocrx_word' id='word_1_356' title='bbox 1218 4169 1257 4228; x_wconf 79' lang='grc'><strong>31</strong></span> 
     </span>
     <span class='ocr_line' id='line_1_41' title="bbox 855 4289 893 4350; baseline 0 -36"><span class='ocrx_word' id='word_1_357' title='bbox 855 4289 893 4350; x_wconf 58' lang='grc'><strong>61</strong></span> 
     </span>
    </p>
   </div>
   <div class='ocr_carea' id='block_1_5' title="bbox 0 0 1460 4654">
    <p class='ocr_par' dir='ltr' id='par_1_5' title="bbox 0 0 1460 4654">
     <span class='ocr_line' id='line_1_42' title="bbox 0 0 1460 4654; baseline 0 0"><span class='ocrx_word' id='word_1_358' title='bbox 0 0 1460 4654; x_wconf 95' lang='lat' dir='ltr'><strong> </strong></span> 
     </span>
    </p>
   </div>
  </div>
 </body>
</html>
