<?xml version="1.0" encoding="UTF-8"?>
<!DOCTYPE html PUBLIC "-//W3C//DTD XHTML 1.0 Transitional//EN"
    "http://www.w3.org/TR/xhtml1/DTD/xhtml1-transitional.dtd">
<html xmlns="http://www.w3.org/1999/xhtml" xml:lang="en" lang="en">
 <head>
  <title>
</title>
<meta http-equiv="Content-Type" content="text/html;charset=utf-8" />
  <meta name='ocr-system' content='tesseract 3.04.00' />
  <meta name='ocr-capabilities' content='ocr_page ocr_carea ocr_par ocr_line ocrx_word'/>
</head>
<body>
  <div class='ocr_page' id='page_1' title='image "./adversariainaea01wiesgoog_0084.png"; bbox 0 0 2910 4654; ppageno 0'>
   <div class='ocr_carea' id='block_1_1' title="bbox 568 135 784 199">
    <p class='ocr_par' dir='ltr' id='par_1_1' title="bbox 568 135 784 199">
     <span class='ocr_line' id='line_1_1' title="bbox 568 135 784 199; baseline 0 -11"><span class='ocrx_word' id='word_1_1' title='bbox 568 135 784 199; x_wconf 72' lang='grc' dir='ltr'>...Π-</span> 
     </span>
    </p>
   </div>
   <div class='ocr_carea' id='block_1_2' title="bbox 33 298 1318 1828">
    <p class='ocr_par' dir='ltr' id='par_1_2' title="bbox 33 298 1318 1828">
     <span class='ocr_line' id='line_1_2' title="bbox 103 298 1246 393; baseline -0.003 -19"><span class='ocrx_word' id='word_1_2' title='bbox 103 322 246 376; x_wconf 67' lang='lat' dir='ltr'><strong>susan».</strong></span> <span class='ocrx_word' id='word_1_3' title='bbox 286 307 401 374; x_wconf 71' lang='lat' dir='ltr'><strong>Iliona</strong></span> <span class='ocrx_word' id='word_1_4' title='bbox 417 307 520 393; x_wconf 84' lang='lat' dir='ltr'><strong>prime</strong></span> <span class='ocrx_word' id='word_1_5' title='bbox 541 304 616 370; x_wconf 89' lang='lat' dir='ltr'><strong>loeo</strong></span> <span class='ocrx_word' id='word_1_6' title='bbox 639 305 681 368; x_wconf 80' lang='lat' dir='ltr'><strong>de</strong></span> <span class='ocrx_word' id='word_1_7' title='bbox 700 298 892 367; x_wconf 81' lang='lat' dir='ltr'><strong>Schneideri</strong></span> <span class='ocrx_word' id='word_1_8' title='bbox 906 301 1075 381; x_wconf 80' lang='lat' dir='ltr'><strong>sententia,</strong></span> <span class='ocrx_word' id='word_1_9' title='bbox 1097 303 1246 372; x_wconf 82' lang='lat' dir='ltr'><strong>nonhoo</strong></span> 
     </span>
     <span class='ocr_line' id='line_1_3' title="bbox 105 407 1318 499; baseline -0.004 -21"><span class='ocrx_word' id='word_1_10' title='bbox 105 415 232 496; x_wconf 85' lang='lat' dir='ltr'><strong>quidem</strong></span> <span class='ocrx_word' id='word_1_11' title='bbox 252 413 486 491; x_wconf 61' lang='lat' dir='ltr'><strong>fine-ereans</strong></span> <span class='ocrx_word' id='word_1_12' title='bbox 503 411 665 488; x_wconf 71' lang='lat' dir='ltr'><strong>rotellam,</strong></span> <span class='ocrx_word' id='word_1_13' title='bbox 686 433 731 458; x_wconf 60' lang='lat' dir='ltr'><strong>-u-</strong></span> <span class='ocrx_word' id='word_1_14' title='bbox 752 425 822 489; x_wconf 77' lang='lat' dir='ltr'><strong>esse</strong></span> <span class='ocrx_word' id='word_1_15' title='bbox 843 407 927 469; x_wconf 86' lang='lat' dir='ltr'><strong>enim</strong></span> <span class='ocrx_word' id='word_1_16' title='bbox 947 407 1151 472; x_wconf 82' lang='lat' dir='ltr'><strong>falsissimum</strong></span> <span class='ocrx_word' id='word_1_17' title='bbox 1171 410 1248 473; x_wconf 88' lang='lat' dir='ltr'><strong>uni-</strong></span> <span class='ocrx_word' id='word_1_18' title='bbox 1314 489 1318 499; x_wconf 25' lang='grc'><em>“</em></span> 
     </span>
     <span class='ocr_line' id='line_1_4' title="bbox 33 509 1249 598; baseline -0.004 -16"><span class='ocrx_word' id='word_1_19' title='bbox 33 588 37 596; x_wconf 55' lang='grc'><em>,</em></span> <span class='ocrx_word' id='word_1_20' title='bbox 104 534 230 582; x_wconf 86' lang='lat' dir='ltr'><strong>versum</strong></span> <span class='ocrx_word' id='word_1_21' title='bbox 255 517 332 579; x_wconf 81' lang='lat' dir='ltr'><strong>illud</strong></span> <span class='ocrx_word' id='word_1_22' title='bbox 345 513 409 580; x_wconf 85' lang='lat' dir='ltr'><strong>vi&#39;ri&#39;</strong></span> <span class='ocrx_word' id='word_1_23' title='bbox 427 514 513 581; x_wconf 83' lang='lat' dir='ltr'><strong>do&#39;eti</strong></span> <span class='ocrx_word' id='word_1_24' title='bbox 528 514 689 598; x_wconf 58' lang='lat' dir='ltr'><strong>olseium</strong></span> <span class='ocrx_word' id='word_1_25' title='bbox 710 511 884 587; x_wconf 76' lang='lat' dir='ltr'><strong>intereos,</strong></span> <span class='ocrx_word' id='word_1_26' title='bbox 901 510 955 590; x_wconf 77' lang='lat' dir='ltr'><strong>qui</strong></span> <span class='ocrx_word' id='word_1_27' title='bbox 975 509 1131 576; x_wconf 80' lang='lat' dir='ltr'><strong>rationem</strong></span> <span class='ocrx_word' id='word_1_28' title='bbox 1148 514 1249 582; x_wconf 84' lang='lat' dir='ltr'><strong>thee·-</strong></span> 
     </span>
     <span class='ocr_line' id='line_1_5' title="bbox 104 609 1249 697; baseline -0.007 -15"><span class='ocrx_word' id='word_1_29' title='bbox 104 623 145 682; x_wconf 89' lang='lat' dir='ltr'><strong>tri</strong></span> <span class='ocrx_word' id='word_1_30' title='bbox 160 619 274 697; x_wconf 73' lang='lat' dir='ltr'><strong>norim,</strong></span> <span class='ocrx_word' id='word_1_31' title='bbox 289 619 431 694; x_wconf 70' lang='lat' dir='ltr'><strong>ireneus,</strong></span> <span class='ocrx_word' id='word_1_32' title='bbox 450 640 498 668; x_wconf 61' lang='lat'><strong>2-</strong></span> <span class='ocrx_word' id='word_1_33' title='bbox 508 613 731 682; x_wconf 59' lang='lat' dir='ltr'><strong>seem&#39;ti&#39;mm</strong></span> <span class='ocrx_word' id='word_1_34' title='bbox 747 613 788 676; x_wconf 87' lang='lat' dir='ltr'><strong>de</strong></span> <span class='ocrx_word' id='word_1_35' title='bbox 803 611 840 676; x_wconf 81' lang='lat' dir='ltr'><strong>r&#39;e</strong></span> <span class='ocrx_word' id='word_1_36' title='bbox 863 609 968 676; x_wconf 66' lang='lat' dir='ltr'><strong>atheo</strong></span> <span class='ocrx_word' id='word_1_37' title='bbox 982 631 1047 678; x_wconf 88' lang='lat' dir='ltr'><strong>nou</strong></span> <span class='ocrx_word' id='word_1_38' title='bbox 1069 609 1249 684; x_wconf 65' lang='lat' dir='ltr'><strong>ohserv&#39;m</strong></span> 
     </span>
     <span class='ocr_line' id='line_1_6' title="bbox 104 711 1251 802; baseline 0.002 -20"><span class='ocrx_word' id='word_1_39' title='bbox 104 722 260 802; x_wconf 72' lang='lat' dir='ltr'><strong>Apparet,</strong></span> <span class='ocrx_word' id='word_1_40' title='bbox 294 718 522 796; x_wconf 77' lang='lat' dir='ltr'><strong>Sehneirlerniu</strong></span> <span class='ocrx_word' id='word_1_41' title='bbox 547 716 768 802; x_wconf 75' lang='lat' dir='ltr'><strong>imprimis-iel</strong></span> <span class='ocrx_word' id='word_1_42' title='bbox 798 715 973 799; x_wconf 77' lang='lat' dir='ltr'><strong>speutatum</strong></span> <span class='ocrx_word' id='word_1_43' title='bbox 1001 719 1182 798; x_wconf 68' lang='lat' dir='ltr'><strong>uomuisse,</strong></span> <span class='ocrx_word' id='word_1_44' title='bbox 1213 711 1251 788; x_wconf 81' lang='lat' dir='ltr'><strong>nt</strong></span> 
     </span>
     <span class='ocr_line' id='line_1_7' title="bbox 104 815 1250 904; baseline 0.003 -19"><span class='ocrx_word' id='word_1_45' title='bbox 104 823 218 886; x_wconf 79' lang='lat' dir='ltr'><strong>murioi</strong></span> <span class='ocrx_word' id='word_1_46' title='bbox 237 843 303 888; x_wconf 94' lang='lat' dir='ltr'><strong>uon</strong></span> <span class='ocrx_word' id='word_1_47' title='bbox 332 824 427 886; x_wconf 83' lang='lat' dir='ltr'><strong>nimis</strong></span> <span class='ocrx_word' id='word_1_48' title='bbox 456 821 563 887; x_wconf 76' lang='lat' dir='ltr'><strong>errent</strong></span> <span class='ocrx_word' id='word_1_49' title='bbox 586 821 626 884; x_wconf 82' lang='lat' dir='ltr'><strong>-iri</strong></span> <span class='ocrx_word' id='word_1_50' title='bbox 658 817 841 904; x_wconf 65' lang='lat' dir='ltr'><strong>conspuent</strong></span> <span class='ocrx_word' id='word_1_51' title='bbox 881 819 976 894; x_wconf 85' lang='lat' dir='ltr'><strong>Quod</strong></span> <span class='ocrx_word' id='word_1_52' title='bbox 1000 835 1068 884; x_wconf 71' lang='lat' dir='ltr'><strong>eur·</strong></span> <span class='ocrx_word' id='word_1_53' title='bbox 1081 815 1126 885; x_wconf 82' lang='lat' dir='ltr'><strong>i&#39;tn</strong></span> <span class='ocrx_word' id='word_1_54' title='bbox 1149 824 1250 888; x_wconf 79' lang='lat' dir='ltr'><strong>luisse</strong></span> 
     </span>
     <span class='ocr_line' id='line_1_8' title="bbox 104 915 1251 1008; baseline 0.001 -20"><span class='ocrx_word' id='word_1_55' title='bbox 104 932 395 1008; x_wconf 77' lang='lat' dir='ltr'><strong>statuamusquuur</strong></span> <span class='ocrx_word' id='word_1_56' title='bbox 416 925 503 988; x_wconf 87' lang='lat' dir='ltr'><strong>nulla</strong></span> <span class='ocrx_word' id='word_1_57' title='bbox 529 925 647 989; x_wconf 82' lang='lat' dir='ltr'><strong>idonee</strong></span> <span class='ocrx_word' id='word_1_58' title='bbox 676 921 789 990; x_wconf 77' lang='lat' dir='ltr'><strong>caussa</strong></span> <span class='ocrx_word' id='word_1_59' title='bbox 807 919 952 1008; x_wconf 72' lang='lat' dir='ltr'><strong>ougitbrit</strong></span> <span class='ocrx_word' id='word_1_60' title='bbox 971 917 1089 1007; x_wconf 80' lang='lat' dir='ltr'><strong>possit,</strong></span> <span class='ocrx_word' id='word_1_61' title='bbox 1117 915 1251 990; x_wconf 63' lang='lat' dir='ltr'><strong>turrita</strong></span> 
     </span>
     <span class='ocr_line' id='line_1_9' title="bbox 103 1021 1251 1112; baseline -0.003 -19"><span class='ocrx_word' id='word_1_62' title='bbox 103 1033 170 1093; x_wconf 85' lang='lat' dir='ltr'><strong>non</strong></span> <span class='ocrx_word' id='word_1_63' title='bbox 191 1029 303 1105; x_wconf 77' lang='lat' dir='ltr'><strong>fuitse,</strong></span> <span class='ocrx_word' id='word_1_64' title='bbox 327 1028 408 1102; x_wconf 81' lang='lat' dir='ltr'><strong>sed¹</strong></span> <span class='ocrx_word' id='word_1_65' title='bbox 423 1027 561 1092; x_wconf 86' lang='lat' dir='ltr'><strong>musio&#39;os</strong></span> <span class='ocrx_word' id='word_1_66' title='bbox 583 1028 603 1091; x_wconf 76' lang='lat' dir='ltr'><strong>&#39;a</strong></span> <span class='ocrx_word' id='word_1_67' title='bbox 630 1023 738 1110; x_wconf 81' lang='lat' dir='ltr'><strong>eapite</strong></span> <span class='ocrx_word' id='word_1_68' title='bbox 766 1045 869 1110; x_wconf 75' lang='lat' dir='ltr'><strong>usqum</strong></span> <span class='ocrx_word' id='word_1_69' title='bbox 889 1027 931 1089; x_wconf 86' lang='lat' dir='ltr'><strong>ad</strong></span> <span class='ocrx_word' id='word_1_70' title='bbox 956 1027 1055 1109; x_wconf 83' lang='lat' dir='ltr'><strong>pedes</strong></span> <span class='ocrx_word' id='word_1_71' title='bbox 1077 1021 1165 1090; x_wconf 75' lang='lat' dir='ltr'><strong>eerhi</strong></span> <span class='ocrx_word' id='word_1_72' title='bbox 1184 1049 1251 1112; x_wconf 71' lang='lat' dir='ltr'><strong>pu-</strong></span> 
     </span>
     <span class='ocr_line' id='line_1_10' title="bbox 105 1121 1252 1212; baseline 0.001 -19"><span class='ocrx_word' id='word_1_73' title='bbox 105 1132 203 1193; x_wconf 86' lang='lat' dir='ltr'><strong>tuisse</strong></span> <span class='ocrx_word' id='word_1_74' title='bbox 223 1135 290 1194; x_wconf 80' lang='lat' dir='ltr'><strong>uon</strong></span> <span class='ocrx_word' id='word_1_75' title='bbox 318 1133 420 1194; x_wconf 81' lang='lat' dir='ltr'><strong>solum</strong></span> <span class='ocrx_word' id='word_1_76' title='bbox 447 1131 496 1194; x_wconf 80' lang='lat' dir='ltr'><strong>ah&#39;</strong></span> <span class='ocrx_word' id='word_1_77' title='bbox 516 1132 685 1208; x_wconf 79' lang='lat' dir='ltr'><strong>ueteribus,</strong></span> <span class='ocrx_word' id='word_1_78' title='bbox 714 1129 940 1194; x_wconf 79' lang='lat' dir='ltr'><strong>verumetiam</strong></span> <span class='ocrx_word' id='word_1_79' title='bbox 970 1148 989 1192; x_wconf 87' lang='lat' dir='ltr'><strong>n</strong></span> <span class='ocrx_word' id='word_1_80' title='bbox 1011 1121 1252 1212; x_wconf 73' lang='lat' dir='ltr'><strong>spectatoribus,</strong></span> 
     </span>
     <span class='ocr_line' id='line_1_11' title="bbox 70 1227 1252 1317; baseline -0.001 -21"><span class='ocrx_word' id='word_1_81' title='bbox 70 1293 76 1296; x_wconf 87' lang='lat'>.</span> <span class='ocrx_word' id='word_1_82' title='bbox 105 1230 212 1296; x_wconf 88' lang='lat' dir='ltr'><strong>elueet</strong></span> <span class='ocrx_word' id='word_1_83' title='bbox 232 1249 273 1294; x_wconf 85' lang='lat' dir='ltr'><strong>ex</strong></span> <span class='ocrx_word' id='word_1_84' title='bbox 292 1233 387 1317; x_wconf 87' lang='lat' dir='ltr'><strong>hujus</strong></span> <span class='ocrx_word' id='word_1_85' title='bbox 409 1232 537 1295; x_wconf 81' lang='lat' dir='ltr'><strong>tabulae</strong></span> <span class='ocrx_word' id='word_1_86' title='bbox 557 1235 613 1296; x_wconf 85' lang='lat' dir='ltr'><strong>Vs.</strong></span> <span class='ocrx_word' id='word_1_87' title='bbox 626 1231 708 1307; x_wconf 70' lang='grc'><strong>837,</strong></span> <span class='ocrx_word' id='word_1_88' title='bbox 730 1235 798 1304; x_wconf 79' lang='lat' dir='ltr'><strong>sia</strong></span> <span class='ocrx_word' id='word_1_89' title='bbox 820 1227 912 1294; x_wconf 87' lang='lat' dir='ltr'><strong>nohis</strong></span> <span class='ocrx_word' id='word_1_90' title='bbox 935 1247 1032 1312; x_wconf 85' lang='lat' dir='ltr'><strong>supra</strong></span> <span class='ocrx_word' id='word_1_91' title='bbox 1051 1251 1084 1311; x_wconf 86' lang='lat' dir='ltr'><strong>p.</strong></span> <span class='ocrx_word' id='word_1_92' title='bbox 1100 1233 1141 1295; x_wconf 77' lang='lat'><strong>41</strong></span> <span class='ocrx_word' id='word_1_93' title='bbox 1164 1237 1252 1296; x_wconf 86' lang='lat' dir='ltr'><strong>route</strong></span> 
     </span>
     <span class='ocr_line' id='line_1_12' title="bbox 106 1329 1313 1415; baseline -0.002 -17"><span class='ocrx_word' id='word_1_94' title='bbox 106 1339 157 1398; x_wconf 85' lang='lat' dir='ltr'><strong>est</strong></span> <span class='ocrx_word' id='word_1_95' title='bbox 178 1332 363 1415; x_wconf 81' lang='lat' dir='ltr'><strong>explicatus.</strong></span> <span class='ocrx_word' id='word_1_96' title='bbox 407 1333 519 1415; x_wconf 74' lang='lat' dir='ltr'><strong>Neque</strong></span> <span class='ocrx_word' id='word_1_97' title='bbox 537 1339 645 1395; x_wconf 66' lang='lat' dir='ltr'><strong>menen</strong></span> <span class='ocrx_word' id='word_1_98' title='bbox 665 1331 699 1393; x_wconf 90' lang='lat' dir='ltr'><strong>iu</strong></span> <span class='ocrx_word' id='word_1_99' title='bbox 728 1329 921 1405; x_wconf 79' lang='lat' dir='ltr'><strong>eontrarium·</strong></span> <span class='ocrx_word' id='word_1_100' title='bbox 940 1336 1062 1412; x_wconf 86' lang='lat' dir='ltr'><strong>partem</strong></span> <span class='ocrx_word' id='word_1_101' title='bbox 1092 1331 1253 1395; x_wconf 82' lang='lat' dir='ltr'><strong>discesse—</strong></span> <span class='ocrx_word' id='word_1_102' title='bbox 1309 1371 1313 1382; x_wconf 85' lang='lat'>·</span> 
     </span>
     <span class='ocr_line' id='line_1_13' title="bbox 105 1429 1253 1518; baseline -0.003 -18"><span class='ocrx_word' id='word_1_103' title='bbox 105 1434 166 1500; x_wconf 91' lang='lat' dir='ltr'><strong>rim</strong></span> <span class='ocrx_word' id='word_1_104' title='bbox 187 1436 375 1500; x_wconf 75' lang='lat' dir='ltr'><strong>Muellerum</strong></span> <span class='ocrx_word' id='word_1_105' title='bbox 406 1439 531 1498; x_wconf 84' lang='lat' dir='ltr'><strong>secutos</strong></span> <span class='ocrx_word' id='word_1_106' title='bbox 553 1433 691 1498; x_wconf 82' lang='lat' dir='ltr'><strong>musicos</strong></span> <span class='ocrx_word' id='word_1_107' title='bbox 719 1433 753 1495; x_wconf 92' lang='lat' dir='ltr'><strong>in</strong></span> <span class='ocrx_word' id='word_1_108' title='bbox 781 1433 838 1496; x_wconf 90' lang='lat' dir='ltr'><strong>illa</strong></span> <span class='ocrx_word' id='word_1_109' title='bbox 859 1429 1000 1518; x_wconf 84' lang='lat' dir='ltr'><strong>thymele</strong></span> <span class='ocrx_word' id='word_1_110' title='bbox 1027 1431 1253 1514; x_wconf 80' lang='lat' dir='ltr'><strong>eollueantem3</strong></span> 
     </span>
     <span class='ocr_line' id='line_1_14' title="bbox 106 1531 1254 1620; baseline 0 -20"><span class='ocrx_word' id='word_1_111' title='bbox 106 1550 191 1619; x_wconf 80' lang='lat' dir='ltr'><strong>quae</strong></span> <span class='ocrx_word' id='word_1_112' title='bbox 211 1539 325 1615; x_wconf 78' lang='lat' dir='ltr'><strong>statio,</strong></span> <span class='ocrx_word' id='word_1_113' title='bbox 345 1538 373 1600; x_wconf 90' lang='lat' dir='ltr'><strong>si</strong></span> <span class='ocrx_word' id='word_1_114' title='bbox 391 1542 480 1615; x_wconf 85' lang='lat' dir='ltr'><strong>erut,¹</strong></span> <span class='ocrx_word' id='word_1_115' title='bbox 493 1559 532 1592; x_wconf 74' lang='lat' dir='ltr'><strong>-r-</strong></span> <span class='ocrx_word' id='word_1_116' title='bbox 550 1536 599 1600; x_wconf 84' lang='lat' dir='ltr'><strong>·‹le</strong></span> <span class='ocrx_word' id='word_1_117' title='bbox 625 1533 691 1617; x_wconf 77' lang='lat' dir='ltr'><strong>qno</strong></span> <span class='ocrx_word' id='word_1_118' title='bbox 711 1536 849 1615; x_wconf 76' lang='lat' dir='ltr'><strong>eluhito,</strong></span> <span class='ocrx_word' id='word_1_119' title='bbox 874 1551 1057 1620; x_wconf 82' lang='lat' dir='ltr'><strong>quanquam</strong></span> <span class='ocrx_word' id='word_1_120' title='bbox 1075 1537 1159 1601; x_wconf 90' lang='lat' dir='ltr'><strong>bene</strong></span> <span class='ocrx_word' id='word_1_121' title='bbox 1180 1531 1254 1600; x_wconf 80' lang='grc' dir='ltr'><strong>Ιιιιό-</strong></span> 
     </span>
     <span class='ocr_line' id='line_1_15' title="bbox 103 1629 1252 1722; baseline 0.003 -20"><span class='ocrx_word' id='word_1_122' title='bbox 103 1639 182 1702; x_wconf 89' lang='lat' dir='ltr'><strong>mioi</strong></span> <span class='ocrx_word' id='word_1_123' title='bbox 203 1641 372 1704; x_wconf 86' lang='lat' dir='ltr'><strong>verberoni</strong></span> <span class='ocrx_word' id='word_1_124' title='bbox 399 1639 503 1704; x_wconf 75' lang='lat' dir='ltr'><strong>behel.</strong></span> <span class='ocrx_word' id='word_1_125' title='bbox 530 1640 574 1702; x_wconf 87' lang='lat' dir='ltr'><strong>ad</strong></span> <span class='ocrx_word' id='word_1_126' title='bbox 601 1641 673 1703; x_wconf 85' lang='lat' dir='ltr'><strong>Pae.</strong></span> <span class='ocrx_word' id='word_1_127' title='bbox 694 1640 751 1701; x_wconf 72' lang='lat' dir='ltr'><strong>Vs:</strong></span> <span class='ocrx_word' id='word_1_128' title='bbox 765 1635 830 1702; x_wconf 71' lang='lat'><strong>734</strong></span> <span class='ocrx_word' id='word_1_129' title='bbox 849 1638 979 1701; x_wconf 77' lang='lat' dir='ltr'><strong>hornan:</strong></span> <span class='ocrx_word' id='word_1_130' title='bbox 1008 1629 1102 1722; x_wconf 71' lang='grc' dir='ltr'><strong><em>ἦσαν·</em></strong></span> <span class='ocrx_word' id='word_1_131' title='bbox 1129 1638 1166 1705; x_wconf 77' lang='grc' dir='ltr'><strong>δὲ</strong></span> <span class='ocrx_word' id='word_1_132' title='bbox 1195 1637 1252 1705; x_wconf 69' lang='grc' dir='ltr'><strong>ἐπὶ</strong></span> 
     </span>
     <span class='ocr_line' id='line_1_16' title="bbox 105 1733 1253 1828; baseline -0.002 -21"><span class='ocrx_word' id='word_1_133' title='bbox 105 1741 168 1824; x_wconf 70' lang='lat' dir='ltr'><strong>ehje</strong></span> <span class='ocrx_word' id='word_1_134' title='bbox 194 1742 365 1825; x_wconf 63' lang='lat' dir='ltr'><strong>tonitura,</strong></span> <span class='ocrx_word' id='word_1_135' title='bbox 379 1739 586 1828; x_wconf 63' lang='grc' dir='ltr'><strong>ῥαβδοφόροι</strong></span> <span class='ocrx_word' id='word_1_136' title='bbox 605 1739 708 1818; x_wconf 61' lang='lat' dir='ltr'><strong>seule,</strong></span> <span class='ocrx_word' id='word_1_137' title='bbox 723 1745 779 1805; x_wconf 72' lang='lat' dir='ltr'><strong>¹‘tol</strong></span> <span class='ocrx_word' id='word_1_138' title='bbox 800 1739 872 1823; x_wconf 68' lang='grc' dir='ltr'><strong>’τῆς</strong></span> <span class='ocrx_word' id='word_1_139' title='bbox 892 1733 1070 1822; x_wconf 59' lang='lat' dir='ltr'><strong>moueretur</strong></span> <span class='ocrx_word' id='word_1_140' title='bbox 1091 1739 1253 1822; x_wconf 69' lang='grc' dir='ltr'><strong>ἐμέλοντο</strong></span> 
     </span>
    </p>
   </div>
   <div class='ocr_carea' id='block_1_3' title="bbox 105 1835 1374 1926">
    <p class='ocr_par' dir='ltr' id='par_1_3' title="bbox 105 1835 1374 1926">
     <span class='ocr_line' id='line_1_17' title="bbox 105 1835 1374 1926; baseline -0.006 -19"><span class='ocrx_word' id='word_1_141' title='bbox 105 1842 175 1926; x_wconf 72' lang='lat' dir='ltr'><strong>reio</strong></span> <span class='ocrx_word' id='word_1_142' title='bbox 191 1843 346 1920; x_wconf 66' lang='grc' dir='ltr'><strong>θεατῶν,</strong></span> <span class='ocrx_word' id='word_1_143' title='bbox 360 1866 364 1875; x_wconf 76' lang='grc'>’</span> <span class='ocrx_word' id='word_1_144' title='bbox 379 1845 562 1922; x_wconf 79' lang='lat' dir='ltr'><strong>eorumque,</strong></span> <span class='ocrx_word' id='word_1_145' title='bbox 595 1856 678 1922; x_wconf 83' lang='lat' dir='ltr'><strong>quae</strong></span> <span class='ocrx_word' id='word_1_146' title='bbox 710 1835 883 1903; x_wconf 75' lang='lat' dir='ltr'><strong>seeundum</strong></span> <span class='ocrx_word' id='word_1_147' title='bbox 898 1838 995 1902; x_wconf 82' lang='lat' dir='ltr'><strong>haee</strong></span> <span class='ocrx_word' id='word_1_148' title='bbox 1015 1839 1253 1921; x_wconf 69' lang='lat' dir='ltr'><strong>possit&#39;Soidas</strong></span> <span class='ocrx_word' id='word_1_149' title='bbox 1373 1877 1374 1880; x_wconf 56' lang='lat'><em>=</em></span> 
     </span>
    </p>
   </div>
   <div class='ocr_carea' id='block_1_4' title="bbox 105 1937 1313 3150">
    <p class='ocr_par' dir='ltr' id='par_1_4' title="bbox 105 1937 1255 2230">
     <span class='ocr_line' id='line_1_18' title="bbox 106 1937 1254 2031; baseline 0.015 -25"><span class='ocrx_word' id='word_1_150' title='bbox 106 1961 135 2006; x_wconf 84' lang='lat' dir='ltr'><strong>s.</strong></span> <span class='ocrx_word' id='word_1_151' title='bbox 148 1962 178 2006; x_wconf 88' lang='lat' dir='ltr'><strong>v.</strong></span> <span class='ocrx_word' id='word_1_152' title='bbox 196 1939 393 2031; x_wconf 74' lang='grc' dir='ltr'>ῥαβδοῦχοι,</span> <span class='ocrx_word' id='word_1_153' title='bbox 409 1975 451 1990; x_wconf 83' lang='grc'><strong>-·</strong></span> <span class='ocrx_word' id='word_1_154' title='bbox 463 1959 540 2004; x_wconf 81' lang='lat' dir='ltr'><strong>sene</strong></span> <span class='ocrx_word' id='word_1_155' title='bbox 554 1943 659 2024; x_wconf 85' lang='lat' dir='ltr'><strong>aptior</strong></span> <span class='ocrx_word' id='word_1_156' title='bbox 666 1941 741 2004; x_wconf 84' lang='lat' dir='ltr'><strong>¹erut</strong></span> <span class='ocrx_word' id='word_1_157' title='bbox 755 1937 1053 2030; x_wconf 58' lang='grc' dir='ltr'>ιοῑςραβᾶούχοιςῷ</span> <span class='ocrx_word' id='word_1_158' title='bbox 1069 1957 1167 2023; x_wconf 85' lang='lat' dir='ltr'><strong>qnam</strong></span> <span class='ocrx_word' id='word_1_159' title='bbox 1179 1961 1254 2004; x_wconf 61' lang='grc' dir='ltr'><strong>ΝΠ*</strong></span> 
     </span>
     <span class='ocr_line' id='line_1_19' title="bbox 106 2039 1255 2125; baseline -0.001 -17"><span class='ocrx_word' id='word_1_160' title='bbox 106 2043 190 2108; x_wconf 86' lang='lat' dir='ltr'><strong>sieis.</strong></span> <span class='ocrx_word' id='word_1_161' title='bbox 233 2044 299 2110; x_wconf 79' lang='lat' dir='ltr'><strong>Seu</strong></span> <span class='ocrx_word' id='word_1_162' title='bbox 315 2045 486 2108; x_wconf 73' lang='lat' dir='ltr'><strong>Muellerus</strong></span> <span class='ocrx_word' id='word_1_163' title='bbox 501 2045 539 2106; x_wconf 79' lang='lat' dir='ltr'><strong>iri</strong></span> <span class='ocrx_word' id='word_1_164' title='bbox 554 2063 697 2106; x_wconf 83' lang='lat' dir='ltr'><strong>errorem</strong></span> <span class='ocrx_word' id='word_1_165' title='bbox 712 2039 873 2118; x_wconf 60' lang='lat' dir='ltr'><strong>so‘insluei</strong></span> <span class='ocrx_word' id='word_1_166' title='bbox 885 2057 1002 2125; x_wconf 65' lang='lat' dir='ltr'><strong>{sessos</strong></span> <span class='ocrx_word' id='word_1_167' title='bbox 1014 2051 1068 2108; x_wconf 61' lang='lat' dir='ltr'><strong>‘ast</strong></span> <span class='ocrx_word' id='word_1_168' title='bbox 1087 2044 1171 2108; x_wconf 87' lang='lat' dir='ltr'><strong>notis</strong></span> <span class='ocrx_word' id='word_1_169' title='bbox 1189 2043 1255 2107; x_wconf 89' lang='lat' dir='ltr'><strong>illis</strong></span> 
     </span>
     <span class='ocr_line' id='line_1_20' title="bbox 105 2145 1255 2230; baseline -0.002 -18"><span class='ocrx_word' id='word_1_170' title='bbox 105 2146 253 2212; x_wconf 86' lang='lat' dir='ltr'><strong>Pratinae</strong></span> <span class='ocrx_word' id='word_1_171' title='bbox 283 2146 409 2227; x_wconf 84' lang='lat' dir='ltr'><strong>verbis,</strong></span> <span class='ocrx_word' id='word_1_172' title='bbox 431 2165 513 2230; x_wconf 89' lang='lat' dir='ltr'><strong>quae</strong></span> <span class='ocrx_word' id='word_1_173' title='bbox 535 2152 660 2211; x_wconf 87' lang='lat' dir='ltr'><strong>exstent</strong></span> <span class='ocrx_word' id='word_1_174' title='bbox 681 2146 766 2228; x_wconf 85' lang='lat' dir='ltr'><strong>apud</strong></span> <span class='ocrx_word' id='word_1_175' title='bbox 780 2146 977 2210; x_wconf 81' lang='lat' dir='ltr'><strong>Athenaeum</strong></span> <span class='ocrx_word' id='word_1_176' title='bbox 992 2148 1077 2226; x_wconf 85' lang='lat' dir='ltr'>XIV,</span> <span class='ocrx_word' id='word_1_177' title='bbox 1091 2147 1200 2230; x_wconf 65' lang='lat' dir='ltr'><strong>rutili</strong></span> <span class='ocrx_word' id='word_1_178' title='bbox 1217 2145 1255 2210; x_wconf 82' lang='lat' dir='ltr'><strong>Gr</strong></span> 
     </span>
    </p>

    <p class='ocr_par' dir='ltr' id='par_1_5' title="bbox 194 2247 1254 2336">
     <span class='ocr_line' id='line_1_21' title="bbox 194 2247 1254 2336; baseline 0.003 -21"><span class='ocrx_word' id='word_1_179' title='bbox 194 2249 247 2323; x_wconf 73' lang='grc' dir='ltr'><strong>τίς</strong></span> <span class='ocrx_word' id='word_1_180' title='bbox 277 2247 379 2335; x_wconf 70' lang='grc' dir='ltr'>ὕβρις</span> <span class='ocrx_word' id='word_1_181' title='bbox 418 2251 542 2336; x_wconf 71' lang='grc' dir='ltr'><strong><em>ἔμολεν</em></strong></span> <span class='ocrx_word' id='word_1_182' title='bbox 579 2249 647 2317; x_wconf 78' lang='lat' dir='ltr'><strong>tot</strong></span> <span class='ocrx_word' id='word_1_183' title='bbox 686 2247 936 2318; x_wconf 73' lang='grc' dir='ltr'><em>Διονυσιάδα</em></span> <span class='ocrx_word' id='word_1_184' title='bbox 978 2247 1254 2336; x_wconf 67' lang='grc' dir='ltr'><strong><em>πολυπάταγα</em></strong></span> 
     </span>
    </p>

    <p class='ocr_par' dir='ltr' id='par_1_6' title="bbox 911 2351 1129 2432">
     <span class='ocr_line' id='line_1_22' title="bbox 911 2351 1129 2432; baseline 0.005 -14"><span class='ocrx_word' id='word_1_185' title='bbox 911 2351 1129 2432; x_wconf 58' lang='lat' dir='ltr'><strong>borretum·</strong></span> 
     </span>
    </p>

    <p class='ocr_par' dir='ltr' id='par_1_7' title="bbox 106 2449 1313 3148">
     <span class='ocr_line' id='line_1_23' title="bbox 108 2449 1255 2538; baseline 0.001 -23"><span class='ocrx_word' id='word_1_186' title='bbox 108 2469 193 2535; x_wconf 82' lang='lat' dir='ltr'><strong>qnae</strong></span> <span class='ocrx_word' id='word_1_187' title='bbox 214 2453 292 2516; x_wconf 91' lang='lat' dir='ltr'><strong>nihil</strong></span> <span class='ocrx_word' id='word_1_188' title='bbox 314 2455 382 2538; x_wconf 85' lang='lat' dir='ltr'><strong>ejus</strong></span> <span class='ocrx_word' id='word_1_189' title='bbox 391 2501 404 2533; x_wconf 87' lang='lat'>‚</span> <span class='ocrx_word' id='word_1_190' title='bbox 425 2451 512 2535; x_wconf 89' lang='lat' dir='ltr'><strong>qnod</strong></span> <span class='ocrx_word' id='word_1_191' title='bbox 532 2451 634 2518; x_wconf 82' lang='lat' dir='ltr'><strong>voluit</strong></span> <span class='ocrx_word' id='word_1_192' title='bbox 653 2452 703 2518; x_wconf 82' lang='lat' dir='ltr'><strong>vir</strong></span> <span class='ocrx_word' id='word_1_193' title='bbox 723 2469 877 2529; x_wconf 89' lang='lat' dir='ltr'><strong>summus,</strong></span> <span class='ocrx_word' id='word_1_194' title='bbox 900 2449 1130 2516; x_wconf 81' lang='lat' dir='ltr'><strong>demonstrare</strong></span> <span class='ocrx_word' id='word_1_195' title='bbox 1149 2473 1255 2534; x_wconf 89' lang='lat' dir='ltr'><strong>posse,</strong></span> 
     </span>
     <span class='ocr_line' id='line_1_24' title="bbox 107 2552 1266 2640; baseline 0 -22"><span class='ocrx_word' id='word_1_196' title='bbox 107 2554 203 2618; x_wconf 84' lang='lat' dir='ltr'><strong>iaeile</strong></span> <span class='ocrx_word' id='word_1_197' title='bbox 225 2554 416 2638; x_wconf 80' lang='lat' dir='ltr'><strong>intelligitur.</strong></span> <span class='ocrx_word' id='word_1_198' title='bbox 459 2555 561 2618; x_wconf 86' lang='lat' dir='ltr'><strong>Etiam</strong></span> <span class='ocrx_word' id='word_1_199' title='bbox 584 2555 718 2619; x_wconf 86' lang='lat' dir='ltr'><strong>Genellii</strong></span> <span class='ocrx_word' id='word_1_200' title='bbox 740 2554 927 2619; x_wconf 81' lang='lat' dir='ltr'><strong>sententium</strong></span> <span class='ocrx_word' id='word_1_201' title='bbox 950 2552 1065 2616; x_wconf 87' lang='lat' dir='ltr'><strong>falsam</strong></span> <span class='ocrx_word' id='word_1_202' title='bbox 1087 2573 1168 2633; x_wconf 87' lang='lat' dir='ltr'><strong>esse,</strong></span> <span class='ocrx_word' id='word_1_203' title='bbox 1187 2557 1266 2640; x_wconf 86' lang='lat' dir='ltr'><strong>jam.</strong></span> 
     </span>
     <span class='ocr_line' id='line_1_25' title="bbox 107 2655 1256 2745; baseline 0.002 -27"><span class='ocrx_word' id='word_1_204' title='bbox 107 2675 173 2720; x_wconf 91' lang='lat' dir='ltr'><strong>non</strong></span> <span class='ocrx_word' id='word_1_205' title='bbox 195 2658 327 2739; x_wconf 86' lang='lat' dir='ltr'><strong>amplius</strong></span> <span class='ocrx_word' id='word_1_206' title='bbox 357 2663 407 2720; x_wconf 85' lang='lat' dir='ltr'><strong>est</strong></span> <span class='ocrx_word' id='word_1_207' title='bbox 433 2658 521 2740; x_wconf 86' lang='lat' dir='ltr'><strong>quod</strong></span> <span class='ocrx_word' id='word_1_208' title='bbox 546 2677 740 2745; x_wconf 80' lang='lat' dir='ltr'><strong>moneamus.</strong></span> <span class='ocrx_word' id='word_1_209' title='bbox 785 2655 868 2723; x_wconf 79' lang='lat' dir='ltr'><strong>Sabe</strong></span> <span class='ocrx_word' id='word_1_210' title='bbox 891 2663 1138 2721; x_wconf 81' lang='lat' dir='ltr'><strong>consentaneum</strong></span> <span class='ocrx_word' id='word_1_211' title='bbox 1160 2658 1256 2722; x_wconf 85' lang='lat' dir='ltr'><strong>vide-</strong></span> 
     </span>
     <span class='ocr_line' id='line_1_26' title="bbox 108 2758 1256 2848; baseline 0.003 -28"><span class='ocrx_word' id='word_1_212' title='bbox 108 2765 159 2820; x_wconf 89' lang='lat' dir='ltr'><strong>tur</strong></span> <span class='ocrx_word' id='word_1_213' title='bbox 180 2764 333 2842; x_wconf 82' lang='lat' dir='ltr'><strong>statuere,</strong></span> <span class='ocrx_word' id='word_1_214' title='bbox 354 2758 492 2840; x_wconf 81' lang='lat' dir='ltr'><strong>musicos</strong></span> <span class='ocrx_word' id='word_1_215' title='bbox 515 2760 606 2824; x_wconf 86' lang='lat' dir='ltr'><strong>ebori</strong></span> <span class='ocrx_word' id='word_1_216' title='bbox 626 2761 721 2844; x_wconf 80' lang='lat' dir='ltr'><strong>volgo</strong></span> <span class='ocrx_word' id='word_1_217' title='bbox 737 2770 840 2845; x_wconf 78' lang='lat' dir='ltr'><strong>proph¹</strong></span> <span class='ocrx_word' id='word_1_218' title='bbox 856 2761 961 2843; x_wconf 84' lang='lat' dir='ltr'><strong>ipsum</strong></span> <span class='ocrx_word' id='word_1_219' title='bbox 984 2761 1118 2848; x_wconf 74' lang='grc' dir='ltr'>οΙιαιιιιιι</span> <span class='ocrx_word' id='word_1_220' title='bbox 1137 2761 1256 2824; x_wconf 90' lang='lat' dir='ltr'><strong>statio-</strong></span> 
     </span>
     <span class='ocr_line' id='line_1_27' title="bbox 107 2860 1257 2951; baseline 0.005 -30"><span class='ocrx_word' id='word_1_221' title='bbox 107 2877 183 2921; x_wconf 87' lang='lat' dir='ltr'><strong>nem</strong></span> <span class='ocrx_word' id='word_1_222' title='bbox 203 2860 368 2938; x_wconf 85' lang='lat' dir='ltr'><strong>habuisse,</strong></span> <span class='ocrx_word' id='word_1_223' title='bbox 401 2878 472 2924; x_wconf 88' lang='lat' dir='ltr'><strong>eam</strong></span> <span class='ocrx_word' id='word_1_224' title='bbox 489 2868 626 2940; x_wconf 69' lang='lat' dir='ltr'><strong>tamem</strong></span> <span class='ocrx_word' id='word_1_225' title='bbox 656 2881 739 2944; x_wconf 90' lang='lat' dir='ltr'><strong>quae</strong></span> <span class='ocrx_word' id='word_1_226' title='bbox 760 2883 825 2927; x_wconf 92' lang='lat' dir='ltr'><strong>non</strong></span> <span class='ocrx_word' id='word_1_227' title='bbox 853 2864 1055 2951; x_wconf 86' lang='lat' dir='ltr'><strong>prohiberet,</strong></span> <span class='ocrx_word' id='word_1_228' title='bbox 1086 2863 1257 2947; x_wconf 84' lang='lat' dir='ltr'><strong>quominus</strong></span> 
     </span>
     <span class='ocr_line' id='line_1_28' title="bbox 106 2960 1313 3060; baseline 0.002 -34"><span class='ocrx_word' id='word_1_229' title='bbox 106 2960 163 3026; x_wconf 93' lang='lat' dir='ltr'><strong>ille</strong></span> <span class='ocrx_word' id='word_1_230' title='bbox 192 2963 360 3025; x_wconf 86' lang='lat' dir='ltr'><strong>commode</strong></span> <span class='ocrx_word' id='word_1_231' title='bbox 382 2970 415 3027; x_wconf 87' lang='lat' dir='ltr'><strong>et</strong></span> <span class='ocrx_word' id='word_1_232' title='bbox 435 2963 536 3025; x_wconf 82' lang='lat' dir='ltr'><strong>lih&#39;e&#39;re</strong></span> <span class='ocrx_word' id='word_1_233' title='bbox 557 2963 674 3026; x_wconf 89' lang='lat' dir='ltr'><strong>saltare</strong></span> <span class='ocrx_word' id='word_1_234' title='bbox 694 2972 813 3045; x_wconf 88' lang='lat' dir='ltr'><strong>posset.</strong></span> <span class='ocrx_word' id='word_1_235' title='bbox 856 2963 946 3040; x_wconf 88' lang='lat' dir='ltr'><strong>Quae</strong></span> <span class='ocrx_word' id='word_1_236' title='bbox 968 2967 1165 3060; x_wconf 77' lang='lat' dir='ltr'><strong>aeeuratiora</strong></span> <span class='ocrx_word' id='word_1_237' title='bbox 1184 2966 1256 3045; x_wconf 85' lang='lat' dir='ltr'><strong>sint,</strong></span> <span class='ocrx_word' id='word_1_238' title='bbox 1308 2989 1313 3001; x_wconf 74' lang='grc'><strong>’</strong></span> 
     </span>
     <span class='ocr_line' id='line_1_29' title="bbox 107 3051 1257 3150; baseline 0.001 -22"><span class='ocrx_word' id='word_1_239' title='bbox 107 3065 161 3128; x_wconf 84' lang='lat' dir='ltr'><strong>vix</strong></span> <span class='ocrx_word' id='word_1_240' title='bbox 183 3066 280 3127; x_wconf 89' lang='lat' dir='ltr'><strong>eerto</strong></span> <span class='ocrx_word' id='word_1_241' title='bbox 296 3051 401 3128; x_wconf 83' lang='lat' dir='ltr'><strong>ali&#39;erri</strong></span> <span class='ocrx_word' id='word_1_242' title='bbox 429 3071 589 3148; x_wconf 81' lang='lat' dir='ltr'><strong>poterunt.</strong></span> <span class='ocrx_word' id='word_1_243' title='bbox 633 3065 717 3141; x_wconf 89' lang='lat' dir='ltr'><strong>Quin</strong></span> <span class='ocrx_word' id='word_1_244' title='bbox 750 3066 859 3148; x_wconf 87' lang='lat' dir='ltr'><strong>quaeri</strong></span> <span class='ocrx_word' id='word_1_245' title='bbox 886 3085 983 3147; x_wconf 84' lang='lat' dir='ltr'><strong>posse</strong></span> <span class='ocrx_word' id='word_1_246' title='bbox 1008 3053 1150 3150; x_wconf 83' lang='lat' dir='ltr'><strong>videtur,</strong></span> <span class='ocrx_word' id='word_1_247' title='bbox 1180 3085 1257 3129; x_wconf 89' lang='lat' dir='ltr'><strong>num</strong></span> 
     </span>
    </p>
   </div>
   <div class='ocr_carea' id='block_1_5' title="bbox 111 3163 1377 3250">
    <p class='ocr_par' dir='ltr' id='par_1_8' title="bbox 111 3163 1377 3250">
     <span class='ocr_line' id='line_1_30' title="bbox 111 3163 1377 3250; baseline 0.002 -24"><span class='ocrx_word' id='word_1_248' title='bbox 111 3163 241 3226; x_wconf 90' lang='lat' dir='ltr'><strong>omnino</strong></span> <span class='ocrx_word' id='word_1_249' title='bbox 263 3171 388 3227; x_wconf 80' lang='lat' dir='ltr'><strong>eertum</strong></span> <span class='ocrx_word' id='word_1_250' title='bbox 416 3169 575 3248; x_wconf 85' lang='lat' dir='ltr'><strong>quendam</strong></span> <span class='ocrx_word' id='word_1_251' title='bbox 592 3169 771 3242; x_wconf 81' lang='lat' dir='ltr'><strong>stationem</strong></span> <span class='ocrx_word' id='word_1_252' title='bbox 797 3165 975 3243; x_wconf 82' lang='lat' dir='ltr'><strong>habuerint,</strong></span> <span class='ocrx_word' id='word_1_253' title='bbox 996 3185 1125 3250; x_wconf 80' lang='lat' dir='ltr'><strong>semper</strong></span> <span class='ocrx_word' id='word_1_254' title='bbox 1148 3187 1258 3229; x_wconf 80' lang='lat' dir='ltr'><strong>onom</strong></span> <span class='ocrx_word' id='word_1_255' title='bbox 1373 3230 1377 3250; x_wconf 56' lang='grc'>,</span> 
     </span>
    </p>
   </div>
   <div class='ocr_carea' id='block_1_6' title="bbox 109 3261 1312 3759">
    <p class='ocr_par' dir='ltr' id='par_1_9' title="bbox 109 3261 1312 3759">
     <span class='ocr_line' id='line_1_31' title="bbox 110 3261 1312 3358; baseline 0.006 -30"><span class='ocrx_word' id='word_1_256' title='bbox 110 3261 319 3358; x_wconf 64' lang='lat' dir='ltr'><strong>aedemque</strong></span> <span class='ocrx_word' id='word_1_257' title='bbox 347 3266 537 3333; x_wconf 80' lang='lat' dir='ltr'><strong>orchestrae</strong></span> <span class='ocrx_word' id='word_1_258' title='bbox 562 3269 667 3333; x_wconf 81' lang='lat' dir='ltr'><strong>locum</strong></span> <span class='ocrx_word' id='word_1_259' title='bbox 688 3273 854 3334; x_wconf 77' lang='lat' dir='ltr'><strong>tenuerint.</strong></span> <span class='ocrx_word' id='word_1_260' title='bbox 883 3303 926 3324; x_wconf 66' lang='grc'><strong>«-</strong></span> <span class='ocrx_word' id='word_1_261' title='bbox 953 3270 1111 3334; x_wconf 87' lang='lat' dir='ltr'><strong>Tibieines</strong></span> <span class='ocrx_word' id='word_1_262' title='bbox 1132 3271 1257 3337; x_wconf 77' lang='lat' dir='ltr'><strong>stetisse</strong></span> <span class='ocrx_word' id='word_1_263' title='bbox 1306 3341 1312 3348; x_wconf 66' lang='grc'><strong><em>,</em></strong></span> 
     </span>
     <span class='ocr_line' id='line_1_32' title="bbox 109 3365 1258 3464; baseline 0.009 -35"><span class='ocrx_word' id='word_1_264' title='bbox 109 3365 289 3432; x_wconf 84' lang='lat' dir='ltr'><strong>existimant</strong></span> <span class='ocrx_word' id='word_1_265' title='bbox 318 3369 457 3452; x_wconf 87' lang='lat' dir='ltr'><strong>reliqui,</strong></span> <span class='ocrx_word' id='word_1_266' title='bbox 477 3371 688 3464; x_wconf 81' lang='lat' dir='ltr'><strong>Schneiderus</strong></span> <span class='ocrx_word' id='word_1_267' title='bbox 716 3375 849 3440; x_wconf 89' lang='lat' dir='ltr'><strong>sedisse.</strong></span> <span class='ocrx_word' id='word_1_268' title='bbox 896 3374 958 3450; x_wconf 85' lang='lat' dir='ltr'><strong>Qui</strong></span> <span class='ocrx_word' id='word_1_269' title='bbox 987 3373 1036 3438; x_wconf 85' lang='lat' dir='ltr'><strong>vir</strong></span> <span class='ocrx_word' id='word_1_270' title='bbox 1065 3375 1177 3438; x_wconf 90' lang='lat' dir='ltr'><strong>doetus</strong></span> <span class='ocrx_word' id='word_1_271' title='bbox 1200 3395 1258 3439; x_wconf 89' lang='lat' dir='ltr'><strong>our</strong></span> 
     </span>
     <span class='ocr_line' id='line_1_33' title="bbox 110 3453 1257 3560; baseline 0.01 -29"><span class='ocrx_word' id='word_1_272' title='bbox 110 3469 156 3532; x_wconf 90' lang='lat' dir='ltr'><strong>ita</strong></span> <span class='ocrx_word' id='word_1_273' title='bbox 185 3470 347 3547; x_wconf 88' lang='lat' dir='ltr'><strong>statuerit,</strong></span> <span class='ocrx_word' id='word_1_274' title='bbox 375 3473 438 3536; x_wconf 88' lang='lat' dir='ltr'><strong>nisi</strong></span> <span class='ocrx_word' id='word_1_275' title='bbox 460 3495 501 3556; x_wconf 84' lang='lat' dir='ltr'><strong>eo</strong></span> <span class='ocrx_word' id='word_1_276' title='bbox 517 3453 610 3555; x_wconf 69' lang='lat' dir='ltr'><strong>line,</strong></span> <span class='ocrx_word' id='word_1_277' title='bbox 643 3486 678 3542; x_wconf 93' lang='lat' dir='ltr'><strong>ut</strong></span> <span class='ocrx_word' id='word_1_278' title='bbox 698 3479 745 3542; x_wconf 94' lang='lat' dir='ltr'><strong>illi</strong></span> <span class='ocrx_word' id='word_1_279' title='bbox 767 3465 864 3546; x_wconf 80' lang='lat' dir='ltr'><strong>etiam</strong></span> <span class='ocrx_word' id='word_1_280' title='bbox 885 3477 986 3540; x_wconf 90' lang='lat' dir='ltr'><strong>minus</strong></span> <span class='ocrx_word' id='word_1_281' title='bbox 1009 3479 1094 3541; x_wconf 82' lang='lat' dir='ltr'><strong>cerni</strong></span> <span class='ocrx_word' id='word_1_282' title='bbox 1113 3479 1257 3560; x_wconf 91' lang='lat' dir='ltr'><strong>potuisse</strong></span> 
     </span>
     <span class='ocr_line' id='line_1_34' title="bbox 109 3569 1257 3661; baseline 0.008 -27"><span class='ocrx_word' id='word_1_283' title='bbox 109 3569 294 3634; x_wconf 82' lang='lat' dir='ltr'><strong>viderentur</strong></span> <span class='ocrx_word' id='word_1_284' title='bbox 311 3590 331 3635; x_wconf 89' lang='lat' dir='ltr'><strong>a</strong></span> <span class='ocrx_word' id='word_1_285' title='bbox 351 3578 592 3655; x_wconf 81' lang='lat' dir='ltr'><strong>spectatoribus,</strong></span> <span class='ocrx_word' id='word_1_286' title='bbox 615 3582 734 3643; x_wconf 87' lang='lat' dir='ltr'><strong>nescio.</strong></span> <span class='ocrx_word' id='word_1_287' title='bbox 775 3582 836 3642; x_wconf 89' lang='lat' dir='ltr'><strong>Per</strong></span> <span class='ocrx_word' id='word_1_288' title='bbox 851 3599 887 3640; x_wconf 89' lang='lat' dir='ltr'><strong>se</strong></span> <span class='ocrx_word' id='word_1_289' title='bbox 910 3581 983 3661; x_wconf 85' lang='lat' dir='ltr'><strong>jure</strong></span> <span class='ocrx_word' id='word_1_290' title='bbox 1005 3579 1153 3643; x_wconf 82' lang='lat' dir='ltr'><strong>contendi</strong></span> <span class='ocrx_word' id='word_1_291' title='bbox 1174 3598 1257 3660; x_wconf 91' lang='lat' dir='ltr'><strong>pro-</strong></span> 
     </span>
     <span class='ocr_line' id='line_1_35' title="bbox 110 3671 1256 3759; baseline 0.009 -25"><span class='ocrx_word' id='word_1_292' title='bbox 110 3671 197 3736; x_wconf 85' lang='lat' dir='ltr'><strong>leeto</strong></span> <span class='ocrx_word' id='word_1_293' title='bbox 219 3690 285 3735; x_wconf 90' lang='lat' dir='ltr'><strong>non</strong></span> <span class='ocrx_word' id='word_1_294' title='bbox 313 3679 435 3756; x_wconf 89' lang='lat' dir='ltr'><strong>potest,</strong></span> <span class='ocrx_word' id='word_1_295' title='bbox 471 3682 587 3746; x_wconf 87' lang='lat' dir='ltr'><strong>statum</strong></span> <span class='ocrx_word' id='word_1_296' title='bbox 619 3671 871 3759; x_wconf 78' lang='lat' dir='ltr'><strong>impedimento</strong></span> <span class='ocrx_word' id='word_1_297' title='bbox 877 3677 1009 3738; x_wconf 85' lang='lat' dir='ltr'><strong>luisse</strong></span> <span class='ocrx_word' id='word_1_298' title='bbox 999 3679 1054 3753; x_wconf 86' lang='lat' dir='ltr'><strong>ris,</strong></span> <span class='ocrx_word' id='word_1_299' title='bbox 1091 3679 1144 3758; x_wconf 90' lang='lat' dir='ltr'><strong>qui</strong></span> <span class='ocrx_word' id='word_1_300' title='bbox 1172 3679 1256 3744; x_wconf 87' lang='lat' dir='ltr'><strong>tibiis</strong></span> 
     </span>
    </p>
   </div>
   <div class='ocr_carea' id='block_1_7' title="bbox 109 3773 1256 4271">
    <p class='ocr_par' dir='ltr' id='par_1_10' title="bbox 109 3773 1256 4271">
     <span class='ocr_line' id='line_1_36' title="bbox 109 3773 1256 3870; baseline 0.008 -33"><span class='ocrx_word' id='word_1_301' title='bbox 109 3773 162 3837; x_wconf 83' lang='lat' dir='ltr'><strong>vel</strong></span> <span class='ocrx_word' id='word_1_302' title='bbox 184 3773 260 3858; x_wconf 76' lang='lat' dir='ltr'><strong>lyris</strong></span> <span class='ocrx_word' id='word_1_303' title='bbox 282 3785 446 3856; x_wconf 87' lang='lat' dir='ltr'><strong>eenerent;</strong></span> <span class='ocrx_word' id='word_1_304' title='bbox 478 3779 591 3856; x_wconf 87' lang='lat' dir='ltr'><strong>immo,</strong></span> <span class='ocrx_word' id='word_1_305' title='bbox 617 3778 659 3843; x_wconf 89' lang='lat' dir='ltr'><strong>sl</strong></span> <span class='ocrx_word' id='word_1_306' title='bbox 667 3779 736 3862; x_wconf 86' lang='lat' dir='ltr'><strong>quis</strong></span> <span class='ocrx_word' id='word_1_307' title='bbox 760 3779 951 3870; x_wconf 79' lang='lat' dir='ltr'><strong>centrarium</strong></span> <span class='ocrx_word' id='word_1_308' title='bbox 973 3773 1130 3842; x_wconf 85' lang='lat' dir='ltr'><strong>affirmare</strong></span> <span class='ocrx_word' id='word_1_309' title='bbox 1151 3784 1256 3863; x_wconf 79' lang='lat' dir='ltr'><strong>vellet,</strong></span> 
     </span>
     <span class='ocr_line' id='line_1_37' title="bbox 109 3875 1255 3964; baseline 0.013 -28"><span class='ocrx_word' id='word_1_310' title='bbox 109 3875 298 3958; x_wconf 83' lang='lat' dir='ltr'><strong>praesertim</strong></span> <span class='ocrx_word' id='word_1_311' title='bbox 331 3880 418 3958; x_wconf 89' lang='lat' dir='ltr'><strong>quod</strong></span> <span class='ocrx_word' id='word_1_312' title='bbox 447 3879 488 3943; x_wconf 82' lang='lat' dir='ltr'><strong>ad</strong></span> <span class='ocrx_word' id='word_1_313' title='bbox 509 3879 653 3944; x_wconf 78' lang='lat' dir='ltr'><strong>tibicines</strong></span> <span class='ocrx_word' id='word_1_314' title='bbox 677 3879 808 3958; x_wconf 86' lang='lat' dir='ltr'><strong>attinet,</strong></span> <span class='ocrx_word' id='word_1_315' title='bbox 842 3881 943 3964; x_wconf 82' lang='lat' dir='ltr'><strong>magis</strong></span> <span class='ocrx_word' id='word_1_316' title='bbox 966 3882 1139 3947; x_wconf 84' lang='lat' dir='ltr'><strong>audiendus</strong></span> <span class='ocrx_word' id='word_1_317' title='bbox 1162 3885 1255 3950; x_wconf 80' lang='lat' dir='ltr'><strong>leret</strong></span> 
     </span>
     <span class='ocr_line' id='line_1_38' title="bbox 112 3964 1255 4066; baseline 0.009 -26"><span class='ocrx_word' id='word_1_318' title='bbox 112 3977 176 4040; x_wconf 90' lang='lat' dir='ltr'><strong>Cur</strong></span> <span class='ocrx_word' id='word_1_319' title='bbox 203 3978 341 4042; x_wconf 85' lang='lat' dir='ltr'><strong>musicos</strong></span> <span class='ocrx_word' id='word_1_320' title='bbox 371 3981 462 4044; x_wconf 88' lang='lat' dir='ltr'><strong>ebori</strong></span> <span class='ocrx_word' id='word_1_321' title='bbox 490 4000 555 4047; x_wconf 90' lang='lat' dir='ltr'><strong>non</strong></span> <span class='ocrx_word' id='word_1_322' title='bbox 584 3964 725 4047; x_wconf 72' lang='lat' dir='ltr'><strong>&#39;sedehtis</strong></span> <span class='ocrx_word' id='word_1_323' title='bbox 756 3985 878 4048; x_wconf 84' lang='lat' dir='ltr'><strong>sedisse</strong></span> <span class='ocrx_word' id='word_1_324' title='bbox 913 3983 1092 4052; x_wconf 83' lang='lat' dir='ltr'><strong>existimare</strong></span> <span class='ocrx_word' id='word_1_325' title='bbox 1112 3987 1255 4066; x_wconf 84' lang='lat' dir='ltr'><strong>velimus,</strong></span> 
     </span>
     <span class='ocr_line' id='line_1_39' title="bbox 111 4080 1254 4171; baseline 0.005 -30"><span class='ocrx_word' id='word_1_326' title='bbox 111 4096 207 4161; x_wconf 87' lang='lat' dir='ltr'><strong>qnam</strong></span> <span class='ocrx_word' id='word_1_327' title='bbox 229 4080 355 4144; x_wconf 87' lang='lat' dir='ltr'><strong>stetisse</strong></span> <span class='ocrx_word' id='word_1_328' title='bbox 376 4090 408 4146; x_wconf 90' lang='lat' dir='ltr'><strong>et</strong></span> <span class='ocrx_word' id='word_1_329' title='bbox 429 4082 470 4146; x_wconf 86' lang='lat' dir='ltr'><strong>ad</strong></span> <span class='ocrx_word' id='word_1_330' title='bbox 491 4087 645 4166; x_wconf 87' lang='lat' dir='ltr'><strong>partem&#39;</strong></span> <span class='ocrx_word' id='word_1_331' title='bbox 634 4081 818 4166; x_wconf 78' lang='lat' dir='ltr'><strong>incessisse,</strong></span> <span class='ocrx_word' id='word_1_332' title='bbox 839 4105 906 4150; x_wconf 90' lang='lat' dir='ltr'><strong>non</strong></span> <span class='ocrx_word' id='word_1_333' title='bbox 928 4095 1055 4171; x_wconf 85' lang='lat' dir='ltr'><strong>orputo.</strong></span> <span class='ocrx_word' id='word_1_334' title='bbox 1097 4088 1254 4152; x_wconf 82' lang='lat' dir='ltr'><strong>Fortassis</strong></span> 
     </span>
     <span class='ocr_line' id='line_1_40' title="bbox 112 4183 1252 4271; baseline 0.005 -26"><span class='ocrx_word' id='word_1_335' title='bbox 112 4183 249 4265; x_wconf 75' lang='lat' dir='ltr'><strong>argutari</strong></span> <span class='ocrx_word' id='word_1_336' title='bbox 273 4203 337 4271; x_wconf 83' lang='lat' dir='ltr'><strong>non</strong></span> <span class='ocrx_word' id='word_1_337' title='bbox 357 4185 604 4255; x_wconf 65' lang='lat' dir='ltr'><strong>videbimuss}</strong></span> <span class='ocrx_word' id='word_1_338' title='bbox 625 4189 856 4256; x_wconf 85' lang='lat' dir='ltr'><strong>morosioribus</strong></span> <span class='ocrx_word' id='word_1_339' title='bbox 877 4190 1079 4266; x_wconf 86' lang='lat' dir='ltr'><strong>censoribus,</strong></span> <span class='ocrx_word' id='word_1_340' title='bbox 1108 4189 1136 4250; x_wconf 90' lang='lat' dir='ltr'><strong>si</strong></span> <span class='ocrx_word' id='word_1_341' title='bbox 1158 4187 1252 4249; x_wconf 83' lang='lat' dir='ltr'><strong>etiam</strong></span> 
     </span>
    </p>
   </div>
   <div class='ocr_carea' id='block_1_8' title="bbox 0 0 1467 4654">
    <p class='ocr_par' dir='ltr' id='par_1_11' title="bbox 0 0 1467 4654">
     <span class='ocr_line' id='line_1_41' title="bbox 0 0 1467 4654; baseline 0 0"><span class='ocrx_word' id='word_1_342' title='bbox 0 0 1467 4654; x_wconf 95' lang='lat' dir='ltr'><strong> </strong></span> 
     </span>
    </p>
   </div>
  </div>
 </body>
</html>
