2910 4672
734 153 943 218 ..35ss

276 325 328 390 tue
354 326 411 400 111,
430 327 466 400 o,
497 327 549 388 uic
573 327 658 401 uu,
679 326 714 401 2,
751 331 843 406 arque
873 279 1038 390 sumum
1066 297 1271 392 nuntiarum
1299 345 1404 390 exer-

279 428 457 492 citationum
484 430 589 492 Voll.
617 451 648 511 p.
664 428 750 492 612.Δ
789 428 929 510 Denique
956 430 1122 510 dealtera
1148 449 1252 512 upupa
1279 439 1336 493 aut
1363 430 1403 490 de

178 607 182 612 .
279 551 318 594 ea
345 534 411 608 avi,
438 551 532 616 ¹quac
563 533 757 617 κατωφαγᾶς
786 533 973 615 appellatur,
1009 535 1132 599 aliunde
1162 535 1287 616 quidem
1318 553 1403 596 con-

273 636 438 698 suntnihil
463 635 643 711 illiusmodi,
673 637 729 698 sed
756 637 848 700 etiam
873 638 931 700 has
959 646 1101 702 externas
1127 639 1222 700 luisse
1248 656 1324 700 aves
1351 637 1403 699 vel

276 757 316 830 cx
338 757 376 800 eo
400 740 512 814 elucet,
543 738 627 819 quod
649 758 748 820 aeque
768 747 864 821 atque
886 741 965 802 mmo
986 743 1104 822 primae
1123 741 1196 804 illuc
1215 741 1402 822 ignorantur

274 840 324 903 vel
346 860 365 902 a
386 843 596 919 Pisthetaero,
630 845 678 906 cui
699 844 813 906 Atticas
841 862 915 906 aves
942 864 1050 906 omnes
1077 853 1165 908 notas
1195 844 1290 905 luisse
1318 844 1401 904 infra

275 945 483 1008 ostendemus.
531 949 599 1009 Jam
625 965 701 1009 vero
728 951 863 1020 constat,
893 950 1042 1022 musicos,
1072 947 1219 1028 imprimis
1247 947 1399 1022 tibicines,

275 1049 358 1128 apud
378 1050 582 1111 Athenienses
605 1068 644 1110 eo
665 1049 734 1130 ipso
757 1057 914 1130 tempore,
939 1068 1002 1130 quo
1023 1049 1103 1112 haec
1124 1056 1200 1112 acta*
1213 1049 1322 1110 tabula
1345 1056 1398 1123 est,

273 1151 498 1232 utplurimum
523 1153 617 1216 luisse
645 1153 841 1236 peregrinos,
870 1154 909 1216 dc
932 1175 993 1236 quo
1015 1156 1088 1219 satis
1109 1154 1213 1220 nureo
1239 1155 1397 1236 relegasse

274 1255 314 1316 ad
340 1272 393 1331 ea,
429 1273 509 1335 quae
535 1254 702 1336 disputavit
725 1257 920 1339 Boettigerus
946 1258 1095 1333 dissert,
1117 1275 1197 1338 quae
1221 1257 1397 1320 inscribitur

276 1358 393 1420 «Pallas
414 1359 531 1422 Musica
553 1359 615 1424 und
635 1359 762 1440 Apollo,
790 1363 847 1424 der
867 1361 1143 1445 Marsyasteclter,u
1166 1360 1272 1441 script.
1285 1361 1396 1422 minor.

273 1463 342 1524 Vol.
357 1463 380 1523 l.
401 1483 433 1543 p.
447 1464 485 1525 ll
501 1482 547 1542 sq.
570 1469 601 1524 et
620 1483 651 1544 p.
664 1451 719 1536 36,
746 1469 777 1524 et
798 1464 838 1525 ad
859 1463 1091 1544 inscriptionum
1111 1463 1292 1538 Atticarum,
1317 1481 1396 1543 quae

272 1586 353 1628 nunc
375 1565 504 1628 collecta
526 1566 731 1647 reperiuntur
741 1566 774 1627 in
792 1565 937 1648 Corporis
958 1567 1190 1648 inscriptionum
1206 1566 1394 1631 Graecarum

276 1668 341 1729 Vol.
356 1668 379 1728 l.
408 1669 440 1729 P.
454 1668 508 1743 11„
535 1668 665 1730 classem
686 1668 885 1748 quintam-
914 1670 1031 1742 ¹Porro
1061 1685 1182 1742 umnec,
1215 1667 1255 1732 de
1284 1667 1393 1748 quibus

271 1787 375 1832 sermo
405 1777 469 1846 est,
507 1788 582 1834 aves
609 1768 766 1832 coloratae
796 1777 884 1832 erant
913 1771 963 1835 vel
991 1769 1206 1833 versicolores.
1253 1769 1394 1833 Phoeni-

272 1879 431 1952 copterum
462 1891 582 1954 pennas
615 1890 788 1953 purpureas
817 1871 955 1948 habere,
992 1872 1092 1954 ipsum
1121 1890 1234 1936 nomen
1264 1872 1395 1951 indicat,

271 1973 401 2050 accedit,
425 1975 509 2056 quod
530 1978 582 2038 Vs.
597 1975 658 2038 272
680 1982 808 2040 vocetur
825 1977 1019 2058 φοινικιοῦς.
1060 1978 1107 2040 De
1121 1977 1205 2060 gullo
1223 1976 1392 2059 gallinaceo

270 2095 319 2138 res
346 2085 421 2140 uota
445 2078 478 2140 iu
497 2079 606 2162 vulgus
629 2086 685 2140 est.
732 2077 872 2141 Itemde
894 2097 1007 2160 upupa.
1056 2081 1224 2148 Praeterea
1242 2078 1296 2142 vel
1313 2077 1393 2140 hauc

270 2180 369 2242 solam
393 2197 483 2243 avem
504 2181 555 2241 vel
579 2180 662 2241 hanc
684 2185 715 2238 et
735 2177 825 2241 simul
851 2177 919 2240 illas
942 2178 1017 2242 duas
1040 2179 1194 2242 coloratus
1216 2197 1302 2256 esse,
1334 2200 1392 2242 ex-

268 2283 383 2364 pressis
404 2281 508 2345 verhis
530 2267 716 2364 significatur
738 2279 879 2350 venai„
925 2281 1066 2364 Denique
1088 2283 1180 2347 etiam
1202 2301 1272 2346 eam
1292 2301 1391 2359 avem,

269 2387 317 2448 cui
339 2405 453 2448 nomeu
471 2385 668 2469 κατωφαγᾶς
685 2390 753 2446 erat
772 2382 915 2459 inditum,
939 2385 1109 2450 coloratam
1129 2387 1225 2451 luisse
1245 2387 1297 2450 vel
1315 2407 1390 2450 ver-

268 2494 446 2568 sicolorem,
475 2512 515 2554 ex
534 2490 596 2555 hoc
617 2490 731 2554 eodem
752 2508 843 2552 versu
864 2499 1020 2572 apparet,
1035 2512 1097 2572 quo
1118 2493 1198 2580 hoec
1219 2511 1269 2556 ros
1292 2515 1390 2577 aeque

269 2603 392 2659 notatur
420 2600 452 2657 et
478 2595 606 2660 effertur
634 2613 653 2657 a
680 2593 871 2677 Pisthetaero
899 2601 992 2674 atquc
1020 2596 1072 2656 Vs.
1090 2595 1167 2672 275,
1201 2616 1274 2660 aves
1301 2601 1389 2660 terris

269 2700 381 2762 exteris
408 2719 477 2762 esse
505 2697 662 2763 emundas.
710 2699 802 2779 Amul
823 2698 1019 2764 notissimum
1036 2707 1097 2777 est,
1128 2702 1259 2765 musicos
1280 2704 1389 2766 vestitu

268 2814 405 2886 purpura
424 2804 734 2886 allisquecoloribus
756 2803 850 2867 tincto
873 2823 946 2866 usos
967 2803 1078 2880 fuisse,
1101 2803 1140 2866 de
1159 2825 1220 2886 quo
1235 2805 1293 2868 ,cin
1311 2825 1387 2888 quae

267 2914 489 2988 congesserunt
518 2908 732 2983 Bartholinus‚
770 2907 810 2968 de
841 2907 921 2970 tibiis
951 2908 1009 2984 ΠΙ,
1031 2909 1068 2987 4,;
1106 2909 1320 2990 Bulengerus,¹
1350 2911 1388 2974 de

266 3011 390 3074 theatro
416 3012 445 3087 1,
463 3011 504 3074 55
532 3019 564 3074 et
589 3012 633 3088 ll,
652 3013 709 3090 to;
744 3011 782 3088 ii,
814 3011 861 3072 ad.
883 3032 961 3092 quos
988 3011 1170 3095 provocavit
1188 3013 1388 3096 ¹Boettigerus
1430 3081 1435 3094 ,

254 3117 421 3199 'explicans
454 3116 662 3202 anaglyphum
696 3117 793 3180 musei
824 3118 1018 3200 Napoleouei
1049 3137 1155 3199 opusc.
1180 3116 1232 3180 lat.
1262 3135 1281 3178 a
1308 3119 1387 3180 lulio

266 3219 385 3303 Silligio
402 3221 520 3286 collect.
535 3227 567 3282 et
581 3215 654 3282 edit.
675 3221 795 3302 pacm
817 3228 862 3297 et,
885 3239 903 3298 e
921 3221 1123 3284 monumentis
1139 3219 1228 3294 arus,
1249 3221 1387 3301 picturae

266 3341 328 3384 non
357 3332 420 3385 tam
447 3345 609 3400 vasorum,
645 3342 832 3406 quemquam
858 3325 888 3388 in
916 3325 953 3391 iis
980 3324 1065 3392 haud
1090 3341 1164 3386 rure
1191 3322 1333 3388 tibicines
1359 3334 1388 3387 et

265 3423 440 3488 citharistae
462 3427 686 3508 repraesentati
706 3435 791 3503 suut,
814 3447 906 3510 quum
927 3427 1078 3507 parietum
1098 3421 1192 3498 tales,
1219 3423 1318 3504 qualis
1343 3439 1389 3492 est

263 3532 330 3607 illa,
361 3550 441 3613 quae
459 3530 613 3611 reperitur
634 3532 666 3593 in
686 3520 858 3596 his.libris:
890 3529 1061 3594 «Antichita
1078 3528 1110 3593 di
1120 3527 1261 3606 ·Ercol.,»
1290 3531 1327 3594 T.
1335 3533 1387 3596 IV.

264 3636 326 3698 tab.
340 3633 398 3713 423
422 3635 550 3698 «Museo
571 3634 740 3711 limbum»
765 3640 800 3700 T.
811 3636 920 3699 italo.
931 3635 990 3714 31;
1009 3635 1041 3698 in
1063 3633 1221 3698 Zahniano
1242 3632 1311 3719 illo,
1335 3638 1387 3718 qui

261 3738 452 3800 inscribitur:
491 3738 572 3801 «Die
604 3739 770 3802 sehcnsten
800 3739 989 3803 Ornamente
1015 3737 1081 3806 und
1110 3735 1387 3820 merkwiirdigsten

264 3839 431 3902 Gcmtlde»
456 3847 528 3915 etc,
554 3842 641 3906 Fuso.
655 3842 734 3906 Vlll.
756 3842 912 3904 tab.Vl11;
934 3840 997 3902 tub.
1012 3839 1066 3913 78,
1094 3838 1227 3920 denique
1248 3841 1279 3902 in
1302 3843 1386 3904 Ter·-

261 3940 376 4003 nitiauo
404 3945 556 4022 parietum
578 3946 713 4028 picturas
734 3945 938 4027 Pompejanas
958 3951 995 4007 ,et
1009 3943 1258 4010 ¹llerculanenses
1280 3949 1385 4010 eonti-

261 4051 369 4117 ueute‚
391 4045 476 4128 cujus
498 4043 631 4127 primum
650 4049 829 4114 lasciculum
846 4047 1072 4114 commentariis
1092 4047 1254 4116 illustravit
1273 4051 1384 4116 beatus

261 4145 299 4208 0.
315 4146 496 4222 Muellerus,
518 4149 605 4213 Fasc.
618 4153 641 4213 l.
664 4153 772 4229 tah.8;
794 4159 826 4213 et
846 4151 995 4234 imprimis
1016 4153 1082 4228 illa„
1105 4170 1196 4232 quam
1218 4153 1385 4232 publicavit

259 4252 380 4329 Pacho,
412 4252 563 4334 «voyage
591 4254 668 4316 dans
698 4257 728 4316 la
754 4255 1041 4338 Marmarique,·la
1070 4257 1284 4342 Cyrenaiquc»
1316 4266 1382 4335 etc,
