2924 4674
691 155 909 218 ..24-

229 348 249 388 a
271 327 392 409 scriptis
416 323 696 388 Grammaticorum
720 331 810 399 ncta,
832 324 895 388 vid.
908 325 1060 392 lobannis
1079 330 1170 394 ,mm
1193 331 1277 398 Τον.
1292 354 1375 418 παρ.

230 455 261 516 p.
280 434 335 506 39,
356 429 398 492 ³0
428 436 461 490 et
489 427 625 490 Bclrkeri
656 427 767 490 anecd.
798 448 829 508 p.
848 429 944 492 1³10.
985 430 1092 498 *Hauc
1116 431 1211 515 igitur
1238 433 1375 514 positam

231 534 325 598 luisse
348 536 389 598 ah
410 535 473 596 boc
500 539 596 615 poeta
618 535 798 615 conjectura
821 542 869 596 est
889 535 1036 600 facillima
1058 546 1090 600 et
1109 537 1375 621 probabilissima,

231 657 419 721 quamquam
450 657 514 700 non
547 637 685 699 omuino
718 643 813 700 certa.
875 637 990 701 Forma
1023 644 1189 726 αἴφνης
1220 661 1293 705 usus
1328 655 1377 706 est

231 741 396 822 Euripides
421 740 521 822 lpbig.
543 739 647 802 hulid.
669 740 823 803 vs.1581
850 740 1017 806 Mutua-'-

762 1051 843 1134 XI.

239 1201 422 1282 'Percontatur
446 1201 494 1254 Vs.
508 1197 571 1252 8⁵2.
618 1201 649 1250 ln
672 1205 831 1286 transcursu
858 1191 1010 1270 explicatur
1032 1201 1193 1272 Supplicunr
1216 1199 1263 1253 Vs.
1281 1197 1358 1252 31⁰1

315 1385 317 1396 ·
346 1345 527 1411 Ἐνταῦθα
550 1343 592 1428 δή
613 1366 651 1414 us
671 1346 762 1419 Zetis
788 1341 931 1428 τίθησιν
949 1349 1103 1432 ἔμηρανα
1197 1395 1200 1400 .
1311 1347 1376 1408 850

345 1447 485 1527 ἐπαφῶν
508 1437 649 1530 ἀταρβεῖ
669 1447 751 1532 pecul
775 1446 830 1510 καὶ
854 1438 961 1528 θιγών
983 1441 1112 1525 μόνον

236 1629 239 1634 ,
344 1537 616 1630 Ἐπαὶνημονὸὲ
644 1549 709 1614 ταῖν
734 1540 812 1620 Arda
835 1540 1055 1631 γεννημάτων
1083 1551 1092 1572 “·

345 1645 449 1720 τέξεις
469 1641 628 1710 caluendo
644 1639 828 1726 Ἔπαφον·
859 1642 897 1715 iit·
923 1643 1131 1726 καρπώσεται

345 1741 429 1828 ὅσην
442 1743 662 1835 -ττλατύρῤονς
677 1745 806 1818 ’Νεῖλος
831 1737 961 1830 ct’pdoalst
982 1739 1107 1830 χθόνα,

232 1865 338 1927 Verba
362 1873 435 1926 sunt
456 1865 636 1926 Promethei
667 1862 708 1923 ad
730 1865 839 1924 loncm
868 1865 1021 1924 conversi.
1072 1860 1268 1925 Vocabulum
1294 1885 1375 1946 yer-

231 1964 393 2052 νημάτων
423 1984 518 2045 quum
546 1965 578 2026 in
606 1964 795 2028 editionibus
819 1963 964 2025 arunckii
987 1970 1018 2025 et
1040 1963 1194 2025 Schuetzii
1218 1965 1290 2026 voci
1312 1974 1375 2031 ,νι-

232 2065 394 2152 γημᾶτων
421 2068 641 2151 aPeyraredo
665 2069 705 2129 de
728 2070 909 2150 conjectura
936 2086 994 2148 per
1020 2085 1055 2128 se
1081 2085 1192 2147 parum
1217 2067 1375 2148 probabili

161 2150 164 2164 ⁵
233 2173 390 2253 repositae
424 2172 586 2245 cessisset,
629 2170 884 2233 Wunderlichius
924 2170 1081 2232 observat.
1120 2171 1151 2232 in
1186 2169 1374 2252 Aeschylum

232 2295 263 2354 p.
283 2273 344 2335 148
364 2293 432 2354 sqq.
455 2280 487 2335 et
507 2273 708 2336 Wellauerus
735 2272 842 2335 adnot.
865 2271 906 2334 ad
928 2272 960 2354 b.
976 2272 998 2333 l.
1019 2273 1063 2334 ita
1086 2273 1189 2334 conati
1216 2282 1288 2334 sunt
1312 2273 1374 2335 de-

234 2375 382 2451 fendere,
417 2384 451 2438 ut
478 2375 632 2459 γέννημα
660 2357 910 2460 uenerationem
937 2371 1114 2455 significare
1141 2381 1315 2436 statuerent
1344 2383 1375 2436 et

234 2477 510 2540 contrectationem
539 2474 674 2537 eandem
700 2475 936 2557 generationem
963 2466 1059 2534 fuisse
1086 2483 1280 2539 monerenb
1312 2476 1375 2539 Sed

233 2583 277 2642 ita
298 2579 388 2640 nimis
411 2578 543 2659 abrupte
564 2586 596 2640 et
614 2579 747 2640 obscure
769 2579 890 2640 locutus
914 2583 998 2638 esset
1016 2585 1123 2657 poeta.
1167 2579 1247 2642 Illud
1264 2580 1375 2662 ipsum,

234 2681 305 2742 lore
327 2679 604 2742 contrectationem
627 2681 761 2754 eandem
782 2680 1036 2764 generationem,
1066 2678 1140 2760 quin
1159 2688 1246 2744 certe
1270 2683 1376 2764 aliquo

234 2783 331 2847 modo
353 2780 559 2864 significatum
581 2783 704 2850 sithoc
725 2784 814 2860 loco,
846 2784 975 2846 dubium
997 2802 1067 2846 esse
1093 2803 1156 2848 uon
1179 2791 1295 2866 potest.
1337 2785 1377 2846 at

234 2886 389 2950 euomuit
415 2887 485 2966 ipse
514 2885 769 2954 Wundulimius
797 2887 925 2950 brevius
951 2893 982 2948 ct
1006 2885 1211 2968 negligentius
1235 2886 1377 2954 locutum

234 3006 305 3052 esse
327 2988 531 3072 Aeschylum,
562 2991 620 3052 sed
641 2990 704 3053 hoc
724 2989 849 3058 bordsse
871 2989 916 3063 ei,
946 3007 1040 3069 qaum
1062 3006 1114 3050 res
1135 2989 1280 3055 omnibus
1302 2998 1378 3052 nuta

234 3091 360 3166 luisset,
390 3093 565 3168 contendit,
597 3111 745 3167 monens,
781 3089 915 3154 eaodem
943 3091 1044 3172 ipsam
1067 3091 1196 3158 dicendi
1222 3091 1377 3155 rationem

149 3200 152 3204 ’
234 3214 306 3258 esse
328 3196 401 3258 luco
424 3197 578 3277 gemello,
607 3197 663 3277 qai
686 3204 734 3258 cst
755 3195 936 3276 Supplieum
957 3194 1010 3260 Vs.
1023 3193 1096 3256 310.
1141 3193 1259 3259 Omnes
1282 3209 1378 3270 quum
1415 3178 1418 3184 ’

237 3297 313 3358 dixit
343 3299 390 3358 vir
418 3297 545 3372 doctus,
575 3297 779 3361 hauddubie
803 3313 876 3372 cos,
909 3295 962 3377 qui
988 3295 1185 3376 spectabant,
1211 3295 1378 3359 ,intellexit

236 3397 318 3460 Mala
339 3395 478 3474 quidem.
520 3397 729 3460 Nostro-loco
749 3397 819 3459 loni
837 3405 871 3462 et
886 3396 992 3460 Gboro
1015 3396 1168 3464 nihildum
1188 3403 1296 3461 notum
1317 3405 1379 3472 ost;

236 3499 419 3567 vatidnaurr
439 3495 645 3558 Prometheus
660 3496 708 3562 ,dc
731 3497 845 3570 rebus,
876 3513 958 3578 quae
981 3495 1103 3560 futurae
1129 3498 1206 3573 sint,
1234 3497 1324 3578 quod
1346 3506 1380 3558 ut

235 3601 327 3664 claris
354 3607 389 3662 et
414 3597 586 3680 perspicuis
604 3598 722 3661 uerbis
753 3598 875 3662 lacerat
904 3600 1096 3681 oportebat..
1141 3599 1379 3665 aberrasse

236 3703 334 3768 babet
355 3702 534 3784 supplicum
563 3701 677 3790 loccg
700 3700 772 3775 Quo
799 3701 827 3766 si
849 3691 972 3766 (iborae
1002 3703 1126 3766 brevim
1154 3710 1188 3766 ct
1215 3702 1379 3768 obscurius

234 3803 434 3870 locutmmt
464 3813 498 3868 ut
526 3806 571 3868 dc
598 3825 633 3866 re
663 3805 695 3866 in
726 3805 904 3868 unvamma
933 3810 1029 3878 ncta,
1069 3803 1195 3866 minima
1229 3805 1379 3884 sequitur,

234 3902 319 3966 idem
341 3913 380 3968 ut
405 3901 595 3974 Prometheo
625 3906 749 3971 licuerit
775 3923 911 3985 prorsus
937 3903 999 3967 alia
1030 3903 1062 3964 in
1092 3921 1203 3969 caussa
1232 3907 1379 3969 meanti.

234 4007 299 4070 Sed
326 4008 517 4089 inquiramus
545 4011 736 4082 accuratius,
767 4025 843 4069 uram
864 4005 1036 4089 Aeschylus
1060 4007 1325 4074 reverabretius
1348 4017 1381 4072 ot

233 4110 440 4193 negligentius
470 4111 592 4174 locutus
620 4112 660 4174 sit
688 4112 760 4178 locu
790 4109 982 4192 Supplicem.
1036 4109 1213 4186 ondans,
1236 4126 1311 4190 uua
1339 4108 1381 4172 do

231 4213 327 4276 rubus
350 4214 640 4308 loaiscxponitur,
670 4213 862 4294 perpetuitas
877 4211 965 4276 baec
988 4221 1054 4276 csta
1176 4261 1179 4274 .
