2910 4654
597 117 831 184 -127-

138 295 234 364 πόλει
256 293 439 382 Λεβαδέων
461 299 543 370 cett,
566 291 598 356 C.
619 293 642 358 l.
659 291 694 357 G.
713 293 736 369 l,
760 309 790 354 n.
812 291 915 376 1603),
939 293 1058 372 sponse
1081 290 1123 352 du
1144 291 1203 352 Roi
1226 289 1282 352 des

138 399 234 462 <lieux
256 392 357 480 (Ζεύς
379 393 567 480 Βασιλεύς).
611 397 666 474 Or,
692 415 839 460 noosne
861 412 999 478 croyons
1021 412 1078 475 pas
1101 391 1175 474 qn’il
1197 413 1218 474 y
1241 391 1285 452 ait

136 501 201 562 lieu
224 499 265 562 ici
288 499 329 561 de
350 515 466 581 penser
487 496 506 559 l
527 499 646 574 lunon;
669 498 692 560 il
714 498 852 560 faudrait
871 498 974 578 plutdt
995 513 1030 557 se
1050 494 1180 558 desider
1202 513 1283 576 pour

137 603 264 678 Venus,
299 619 422 664 comme
455 599 582 662 divinite
616 599 846 662 d’attrtbntions
880 597 1090 680 sepulcrales,
1125 615 1168 658 on
1201 605 1284 676 pou'r
1401 589 1408 598 '

136 703 269 787 Cybele,
303 703 381 767 dont
401 703 432 764 le
464 703 545 764 culte
567 699 586 762 d
608 702 713 764 Thera
747 709 794 765 est
815 703 899 764 aussi
922 703 1034 764 allecte
1054 721 1114 782 par
1135 721 1197 762 une
1220 719 1282 764 au-

136 815 185 869 tre
219 805 434 888 inscription».
487 804 648 866 Posterius
680 805 756 866 rnihi
795 803 921 886 quidem
944 804 1051 884 priore
1074 802 1281 866 verosimilius

139 910 269 972 videtur.
312 908 372 970 llla
401 906 508 970 Rossii
534 907 632 968 verba
660 905 783 986 plenius
806 905 1015 970 exscribenda
1047 903 1152 968 curavi
1187 905 1281 968 etiam

134 1011 227 1088 ideo,
249 1009 335 1092 quod
356 1010 390 1071 in
411 1008 449 1070 iis
474 1008 604 1070 dearum
627 1025 646 1068 a
668 1009 796 1071 Graecis
817 1009 993 1076 Bucilrrus
1014 1006 1081 1068 sive
1104 1005 1282 1078 Buurlr'drr

134 1113 428 1194 cognominaterum
456 1127 604 1172 recensus
636 1107 736 1172 lactus
759 1117 830 1172 est.
882 1109 996 1172 Omisit
1026 1115 1130 1170 tamen
1150 1109 1280 1170 Rossius

134 1230 249 1291 unam,
272 1215 359 1297 cujus
381 1214 443 1276 hac
465 1213 497 1275 in
520 1227 632 1272 caussa
654 1212 771 1275 mentio
795 1213 922 1276 maximi
945 1218 992 1274 est
1014 1212 1184 1286 momenti,
1206 1208 1278 1272 dico

132 1317 316 1378 Minervam.
339 1318 469 1380 Tzetzes
485 1314 567 1375 enirn
589 1313 660 1376 adn.
685 1314 725 1376 ad
737 1307 955 1397 Lycophronis
973 1311 1140 1376 Alexandr.
1153 1314 1276 1374 Vs.lll

132 1419 215 1481 haee
237 1418 377 1501 prodidit
407 1416 599 1479 memoriae:
628 1411 767 1500 Ἀθηνᾷ
789 1417 855 1482 urai
875 1413 1037 1498 βασιλίδι,
1067 1414 1111 1498 τῇ
1130 1414 1185 1480 καὶ
1210 1415 1279 1480 Be-

134 1520 253 1607 λονίκῃ
273 1519 456 1610 λεγομένῃ,
484 1517 630 1603 θυγατρὶ
662 1516 697 1584 dd
722 1516 897 1598 Βροναέοα
911 1510 1127 1602 ὑπαρχούσῃ,
1143 1513 1279 1600 Ἥφαι-

133 1643 213 1692 ocor
238 1615 336 1705 γάμῳ
362 1621 472 1704 μιγεὶς
501 1618 607 1703 γεννᾷ
639 1609 872 1704 Ἐριχθόνιον,
905 1613 942 1691 ὃς
978 1617 1192 1701 ἐβασίλευσεν
1219 1619 1279 1698 τῆς

132 1713 299 1803 Ἀττικῆς·
341 1721 464 1786 πολλαὶ
500 1716 565 1802 ydp
592 1709 679 1799 ἦσαν
712 1719 767 1784 aul
797 1711 955 1800 Ἀθηααῑ
977 1716 1033 1782 καὶ
1069 1709 1276 1803 ’Apertum

133 1822 187 1886 uel
210 1818 249 1886 οὐ
272 1819 349 1904 μία,
371 1815 449 1886 οὐδὲ
471 1812 621 1902 ruodrud,
652 1812 694 1890 uir
716 1817 772 1884 aul
801 1813 843 1882 ταὶ
876 1811 980 1882 λοιπαὶ
1002 1818 1069 1884 τῶν
1089 1815 1276 1903 ὀνομάτων.

131 1925 168 1986 ln
188 1922 240 1986 his
261 1923 367 1986 verbis
390 1938 567 2003 quanquam
589 1922 633 1983 de
653 1921 794 1985 Minerva
817 1926 965 2000 tanquam
993 1919 1032 1980 de
1052 1920 1162 2002 regins
1185 1922 1276 1984 etde

131 2034 222 2107 patro
257 2016 355 2107 ἱρείας
389 2033 538 2105 tanquam
568 2025 611 2088 de
630 2024 769 2088 lromine
800 2041 906 2086 sermo
939 2028 1004 2098 est,
1042 2029 1147 2084 tamen
1183 2020 1275 2086 focile

131 2130 281 2206 sentitur,
312 2131 396 2194 hunc
427 2128 548 2190 nullum
581 2129 675 2191 aliam
698 2145 768 2189 esse
797 2125 1017 2207 cogitandum,
1049 2143 1142 2205 quam
1173 2127 1275 2207 ipsum

130 2233 241 2294 torem
269 2231 575 2314 Benacumque
605 2229 792 2311 cognomine
821 2247 959 2292 summus
990 2230 1068 2292 deus
1098 2231 1276 2312 appellatur

129 2334 237 2416 hymn.
260 2332 360 2413 Orph.
382 2331 465 2405 x1v,
486 2331 508 2392 9
530 2353 585 2377 -’
605 2337 637 2392 et
658 2331 766 2394 nescio
797 2349 838 2393 an
852 2368 855 2377 ·
871 2331 955 2412 apud
977 2334 1123 2395 Tzetaem
1153 2335 1274 2398 reseri-

129 2434 269 2496 bendum
300 2433 340 2496 sit
371 2430 580 2516 Beuuruiav,
613 2437 648 2494 ut
677 2441 726 2496 est
753 2433 787 2494 in
814 2434 909 2496 codd.
936 2434 1009 2497 Vitt.
1032 2435 1052 2498 2
1075 2438 1147 2499 et3
1179 2445 1273 2519 atque

129 2537 216 2617 apud
235 2533 411 2598 Eudociam
435 2527 716 2612 etrPhavorin'um,
743 2569 788 2584 -
816 2535 989 2618 nequeid,
1023 2539 1110 2619 qnod
1131 2540 1273 2604 Minerva

129 2636 170 2700 alr
193 2637 252 2713 iis,
285 2636 339 2718 qui
367 2635 579 2700 Euhemernm
607 2631 826 2720 sequerentur,
858 2639 968 2721 regina
1000 2641 1084 2703 lacta
1112 2649 1174 2718 est,
1208 2661 1272 2706 non

118 2739 246 2802 ¹(discere
275 2757 332 2816 eo,
363 2746 396 2802 ut
429 2742 510 2804 haec
532 2742 593 2804 dea
616 2741 763 2827 Reqirru,
797 2741 947 2816 Βασιλίς,
970 2745 1191 2824 cognominata
1222 2747 1271 2808 sit.

128 2843 202 2918 Quo
225 2845 357 2904 auctore
377 2863 451 2905 usus
474 2847 604 2906 Tsetzes
624 2844 679 2906 illu
702 2842 874 2924 scripserit,
897 2844 1073 2920 nescimus;
1096 2845 1272 2910 Diodorum

127 2952 270 3006 secutum
293 2963 364 3006 esse
384 2945 570 3028 Dionysium
592 2946 739 3020 Samium,
761 2944 931 3006 Euhemeri
953 2955 1154 3023 sectatorem,
1176 2946 1272 3011 Wei-

128 3048 254 3108 chertus
275 3047 382 3110 docuit
402 3046 484 3123 lilsri,
507 3067 570 3128 qno
587 3048 628 3110 de
645 3047 815 3128 Apollonio
830 3046 956 3110 Rhodio
967 3047 1047 3130 egit,
1069 3071 1099 3130 p.
1113 3052 1192 3125 1793
1215 3053 1270 3113 cfr.

128 3148 224 3211 etiam
236 3148 387 3212 Lobeclrii
401 3149 609 3230 Aglaopham.
622 3152 658 3212 Τ.
668 3149 705 3212 ll.
717 3170 748 3231 p.
758 3149 830 3212 991.
861 3149 967 3211 lnesse
980 3159 1084 3215 autem
1095 3153 1128 3213 in
1138 3148 1270 3216 Diodo‘ri

127 3250 233 3314 verbis
255 3253 296 3314 ad
318 3252 466 3316 Basiliam
489 3252 719 3334 spectantibus,
749 3271 831 3334 qnae
853 3252 965 3314 eadem
996 3254 1035 3315 de
1064 3256 1185 3318 Graeca
1206 3255 1271 3318 lli-

125 3371 223 3416 nerva
243 3354 425 3434 praedicata
449 3356 647 3436 reperiantur
669 3356 753 3438 apud
774 3355 945 3438 scriptores
966 3359 1103 3434 veteres,
1135 3377 1199 3420 non
1223 3369 1271 3423 est

124 3457 214 3538 quod
237 3459 394 3538 expressis
428 3459 532 3522 verbis
567 3474 752 3522 moneamus
776 3467 830 3522 aut
853 3459 1057 3530 ostendamus
1079 3461 1269 3542 singillatim.

124 3559 323 3622 ndnotanus
344 3562 578 3637 tantummodo,
598 3582 703 3642 neque
723 3565 774 3637 id,
807 3557 894 3643 quod
915 3562 1050 3622 Basiliaa
1071 3562 1156 3622 idem
1179 3561 1267 3624 locus

123 3664 330 3746 assignatur,
345 3683 408 3744 quo
430 3664 602 3726 seeundum
625 3663 832 3743 'lheogonlao
854 3662 1026 3724 Hesiodiae
1056 3661 1109 3724 Vs.
1120 3663 1180 3726 371
1200 3683 1268 3746 sqq.

123 3773 173 3828 est
195 3763 283 3840 Thia,
307 3766 384 3828 lucis
399 3765 456 3828 ille
476 3773 572 3847 atque
589 3764 768 3846 splendoris
786 3765 856 3840 dea,
880 3761 954 3846 (quo
977 3764 1017 3826 de
1033 3763 1089 3826 cir.
1110 3765 1269 3830 Welclreri

122 3875 154 3930 et
173 3866 311 3929 Dissenli
333 3867 428 3930 verba
450 3869 616 3950 publicata·
632 3868 704 3930 adn.
727 3870 769 3934 ed
794 3868 919 3930 Pindari
939 3866 1047 3930 lstlrm.
1069 3863 1119 3939 lV,
1144 3867 1182 3951 1‚)
1206 3869 1269 3930 ab·

121 3972 232 4034 ludere
255 3971 296 4036 ab
319 3971 477 4052 eoquod
501 3971 628 4033 aliunde
649 3981 758 4034 notam
781 3979 829 4033 est
852 3971 891 4032 de
912 3971 1071 4043 Minerva,
1099 3977 1132 4032 et
1152 3971 1267 4033 simili-

118 4083 185 4148 ter,
220 4081 314 4156 atque
348 4075 437 4136 Luna
465 4072 599 4136 Basilice
630 4072 782 4136 Titanidis
807 4071 885 4137 nitu
914 4071 1115 4152 perhibetur,
1151 4089 1268 4135 secun-

119 4177 195 4240 dum
233 4175 313 4242 alios
352 4176 523 4240 Minervam
562 4184 594 4238 et
624 4179 745 4240 Lunam
784 4174 824 4238 ad
858 4193 951 4238 unam
981 4174 1178 4252 eandemque
1208 4173 1266 4234 Ti-
