2910 4654
575 154 702 234 ..75
749 207 789 220 .-

103 315 180 409 unu‘-
199 321 308 409 cotie
331 347 371 408 n
405 343 653 407 etnmrmrsonon
688 347 791 426 sagon
824 341 987 419 perennc,
1020 342 1167 427 ungium
1200 346 1251 407 un

5 469 23 514 χ
50 467 58 492 ³
92 439 300 516 ,hernschend
316 445 728 529 gewordeneMythologie
746 445 803 506 der
822 441 1002 508 Hectoreo!
1022 445 1131 508 diesen
1148 447 1252 508 liuhrn

95 549 278 611 nuerkanut
292 549 388 627 rheti„
406 543 408 546 ’
425 541 571 610 Profecto
588 544 690 614 ,eciem
717 547 800 609 hanc
829 546 989 628 regionem
1010 565 1159 610 saxosam
1182 567 1251 610 esse

44 689 46 696 ›
104 649 236 731 scimus,
266 660 297 714 et
325 650 423 729 ¹simul
453 649 486 710 id
515 650 602 731 quod
625 647 793 712 'Trochilus
826 647 865 708 de
896 647 1006 732 Upupa
1026 649 1250 712 eermocinans

6 771 28 784 ··
105 750 154 836 ita
171 750 313 832 loquitur
335 753 389 814 νε.
412 754 453 814 75
471 767 556 834 sqq.:

5 927 10 944 Β
104 899 111 915 .·
148 841 251 926 οὗτός
266 850 295 938 γ’
319 847 383 932 ἅτ’,
404 853 512 938 οἶμαι,
534 851 699 938 πρότερον
724 847 908 937 ἅνθρωπός
929 843 1005 919 ποτ’
1023 849 1081 923 oin,
1157 877 1160 882 ·

98 1044 99 1048 Ἰ
145 957 245 1021 'neci
266 956 442 1040 μὲνὲρᾷ
463 970 607 1040 poyeio
629 951 760 1040 α’φύας
785 947 1036 1044 Φαληρικάς·

20 1045 21 1052 ¹
149 1056 281 1143 τρέχω
301 1049 347 1122 ’rc’
371 1053 504 1140 ἀφύαι·
532 1051 606 1142 ἐγώ
628 1053 770 1144 λαβών
791 1055 836 1124 cd
857 1058 1069 1143 τρυβλίον·
1103 1143 1106 1150 Ὺ

105 1157 211 1238 primo
234 1159 342 1223 obtutu
363 1159 463 1241 'tnagis
484 1179 543 1241 pro
566 1161 744 1242 hecquem
766 1179 825 1242 pro
853 1157 1043 1241 cognomine
1070 1156 1129 1218 illa·
1146 1156 1251 1220 iacere

105 1258 208 1320 uideri
238 1265 354 1340 putent.
405 1260 468 1322 Sed
503 1261 637 1323 Atticum
667 1279 783 1343 pagum
815 1261 982 1340 quominus
1014 1256 1252 1338 intelligendum

106 1377 178 1422 esse
211 1379 417 1438 censeamus,
449 1371 487 1425 ut
514 1363 587 1430 aliu,
600 1370 737 1441 taceam,
770 1364 923 1445 imprimis
952 1363 1034 1424 haec
1053 1360 1113 1423 trie
1134 1361 1252 1441 prohi-

107 1463 193 1525 bent.
236 1463 372 1526 Primum
407 1465 489 1548 enim
525 1485 664 1548 upupam
692 1467 823 1529 aiteram
842 1467 910 1549 jam
931 1463 1027 1544 snpra
1049 1464 1252 1526 demonstra-

106 1565 208 1628 vimus
231 1572 392 1629 externam
414 1567 546 1650 cogitari
580 1587 671 1632 avem
701 1578 734 1632 ct
754 1570 939 1644 Thraciam3
972 1567 1060 1648 cujus
1083 1585 1178 1646 qrmm
1203 1585 1252 1640 ea,

107 1687 197 1749 quae
213 1688 254 1730 ex
275 1671 377 1733 Tereo
400 1677 518 1732 mutata
539 1670 572 1731 in
594 1690 749 1752 upupam·
764 1675 841 1746 est,.
864 1688 899 1732 se
921 1687 1014 1731 avum
1035 1668 1135 1745 dicut,
1159 1687 1251 1731 con·-

107 1775 293 1833 sentancum
316 1774 387 1830 -εει
426 1784 571 1844 sumere,
615 1785 719 1848 neque
765 1774 848 1830 hauc
891 1771 1037 1829 habitare
1080 1769 1113 1827 in
1149 1771 1252 1830 Attice
1380 1793 1388 1804 ·

107 1879 209 1944 terra,
231 1869 288 1932 sed
308 1870 340 1930 in
360 1867 508 1930 Thracia.
562 1869 632 1929 Fuit
662 1875 767 1930 autem
790 1868 883 1930 Terei
917 1887 1047 1950 regnum
1080 1869 1252 1933 secundum

108 1969 258 2034 Ovidium
297 1970 330 2031 in
362 1971 498 2032 Thracia
529 1970 622 2032 situm
654 1971 740 2050 apud
776 1970 933 2053 Odrysas,
966 1971 1022 2032 cir.
1051 1971 1177 2056 Metam.
1199 1972 1254 2050 VI,

108 2075 190 2148 nel,
221 2081 253 2134 et
273 2072 362 2154 regia
384 2072 483 2154 ipsius
515 2088 616 2153 prope
651 2073 846 2152 Rhodopen,
881 2072 937 2134 cfr.
962 2074 1016 2136 νε.
1032 2072 1106 2135 590.
1149 2072 1253 2138 Etiam

108 2175 184 2238 loco
199 2175 401 2258 ⁴Aeschyiio·
417 2175 493 2255 quin
527 2174 663 2236 Thracia
701 2175 829 2240 Pallene
863 2175 904 2238 sit
935 2174 1155 2258 intelligenda,
1189 2195 1253 2238 non

111 2275 239 2352 dubito,
263 2278 305 2338 ad
328 2295 422 2356 quem
444 2276 495 2339 vel
523 2283 628 2338 terrae
657 2276 846 2359 descriptio,
869 2293 951 2356 quac
981 2275 1038 2337 iiio
1069 2277 1147 2338 loco
1167 2277 1254 2360 iegi-

109 2386 181 2455 tur,
203 2378 302 2460 magis
327 2377 479 2459 quadrat,
502 2393 608 2459 qnam¹
621 2379 662 2440 ad
682 2395 798 2459 pagum
820 2378 964 2438 Atticum.
1007 2377 1130 2439 Deinde
1151 2380 1254 2442 vehe-

111 2487 234 2544 menter
265 2480 393 2557 duhito,
417 2479 701 2561 an'Aristophanii
732 2479 925 2560 temporibus
947 2475 986 2544 cd
1019 2479 1167 2562 Φλέγρας
1194 2507 1257 2548 ne-

113 2583 190 2650 δίον
220 2602 285 2644 non
312 2581 354 2645 sit
392 2582 586 2647 intellectum
621 2583 680 2646 nisi
717 2583 759 2645 de
792 2582 921 2644 Pallene
953 2580 1098 2644 Thracia.
1152 2585 1252 2648 Porro

112 2684 155 2746 ad
174 2684 258 2770 hanc
281 2686 404 2766 potius,
436 2705 529 2768 quam
561 2685 602 2747 ad
627 2705 744 2768 pagum
773 2685 909 2749 Atticum
943 2685 1165 2768 cognominem
1191 2687 1255 2748 du·
1295 2747 1301 2754 .

112 2803 185 2850 ecre
215 2787 311 2852 dehet
323 2787 410 2870 quod
420 2788 632 2852 Piethetaerus
645 2789 687 2852 ab
700 2789 790 2852 initio
805 2787 937 2851 fabulae
953 2788 1030 2852 uicit
1042 2789 1094 2852 Vs.-
1105 2789 1196 2870 5sq.:
1220 2807 1255 2852 se

200 2885 285 2956 ὁδοῦ
307 2892 499 2971 περιελθεῖν
531 2885 687 2957 στάδια
723 2886 891 2974 scietur}
918 2890 1044 2979 χίλια.

113 2993 154 3058 Ut
186 2993 269 3055 enim
301 2991 471 3073 largiamur
500 2992 622 3054 homini
651 2992 819 3074 longorum
849 2993 957 3055 taedio
989 3012 1131 3055 errorum
1161 2999 1255 3072 cepto

113 3103 209 3174 atque
229 3091 465 3174 indignabundo
487 3091 650 3154 vocabulis
673 3091 719 3154 uti
740 3109 836 3171 supra
857 3091 1020 3152 veritatem
1041 3110 1111 3152 rem
1131 3109 1257 3170 augen-

113 3194 213 3267 tibus,
245 3200 294 3278 ast
314 3193 375 3267 ita,
408 3193 620 3256 uthocIoco
643 3194 851 3268 factumest,
886 3209 952 3254 uon
980 3191 1084 3271 potuit
1104 3189 1194 3270 loqui
1216 3189 1256 3252 de

113 3313 200 3377 pago
227 3293 365 3356 medium
391 3293 460 3355 iere
485 3291 624 3357 Athenas
654 3294 736 3357 inter
766 3302 797 3356 et
825 3291 1045 3356 Marathonem
1073 3293 1181 3354 lucum
1204 3298 1257 3354 te-

114 3403 218 3460 nente.
260 3394 405 3476 Denique
422 3395 547 3460 demum
573 3405 682 3461 noenu
702 3395 857 3460 sententia
878 3393 1012 3476 probate
1034 3384 1163 3456 omnino
1187 3395 1257 3457 cla-

114 3515 184 3562 rum
206 3497 273 3571 erit,
296 3513 351 3557 eur
366 3499 419 3560 Vs.
442 3497 525 3562 1040
551 3500 920 3585 Nephelococcygienees
937 3504 1167 3578 componantur
1187 3516 1258 3558 eum

113 3596 230 3660 incolis
241 3599 413 3681 Olophyni,
427 3603 513 3662 urbis
526 3608 563 3666 in
580 3601 697 3690 ’Θρᾴκῃ
710 3607 789 3684 cepi
800 3597 864 3666 cdv
875 3597 977 3664 ”Ado
990 3601 1070 3660 sitae
1086 3597 1259 3660 secundum

116 3700 319 3782 Stephanum.
341 3701 432 3774 Quae
449 3719 544 3781 quum
555 3699 599 3761 ita
611 3702 681 3776 sint,
700 3701 841 3780 apparet,
859 3699 958 3760 verba
968 3698 1131 3778 Euelpidis
1147 3700 1200 3761 Vs.
1216 3701 1259 3764 30
1369 3735 1382 3746 -

113 3803 221 3886 posita
242 3801 534 3884 itainterpretanda
553 3819 618 3864 non
639 3819 718 3877 esse,
739 3808 774 3863 nt
786 3799 976 3864 Suevernius
992 3801 1150 3862 censebat.
1194 3803 1259 3866 Sed

115 3906 213 3988 stipes
233 3905 289 3968 iile
310 3908 413 3970 avium
431 3923 604 3989 progressu
624 3903 756 3986 insuper·
774 3903 807 3966 in
833 3911 996 3984 stuporem
1015 3903 1106 3968 datus
1129 3923 1169 3968 eo
1187 3905 1259 3986 ipso

115 4007 266 4088 temporis
287 4016 467 4087 momento,
490 4031 554 4092 quo
579 4008 747 4090 comperit,
768 4013 918 4069 noctuam
940 4005 1068 4083 edesse,
1091 4025 1173 4087 quae
1193 4005 1260 4068 avis

115 4109 262 4185 Athenis,
304 4116 336 4172 et
367 4111 398 4174 in
426 4128 515 4189 arce,
558 4114 670 4175 crebra
696 4118 760 4187 est,
795 4110 851 4172 cir.
876 4109 966 4171 verbi
992 4127 1104 4173 cerusa
1130 4108 1259 4191 Lysistn

117 4215 171 4274 Vs.
191 4215 255 4277 760
270 4231 335 4295 eq„
357 4231 423 4277 nou
443 4216 582 4278 meminit
604 4233 639 4279 se
662 4233 727 4276 non
752 4213 885 4297 amplius
910 4215 1029 4277 versari
1051 4216 1083 4274 in
1105 4210 1160 4271 iila
1181 4204 1259 4266 urbe

891 4329 911 4389 6
935 4405 940 4410 .
