2910 4672
579 163 790 224 -11-

112 333 214 396 verba
238 328 280 400 cci
308 322 337 398 d*
364 325 427 397 οὐκ
456 326 595 413 ἄπειρος
622 339 654 392 et
681 333 763 410 quae
787 337 958 410 sequuntur
981 331 1097 414 optime
1119 333 1254 395 Prome-
1319 344 1320 350 ’
1381 347 1382 350 ’

112 437 190 500 theo
221 433 314 498 tribui
343 437 507 514 poterunt,
543 435 642 511 quae',
678 433 705 494 si
735 430 953 494 antecedentia
982 433 1162 496 Promethei
1192 453 1256 497 non
1318 513 1320 522 Ι

115 557 186 599 esse
215 537 389 613 censueris,
418 536 462 598 ite
484 541 665 616 comparata
688 553 758 598 esso
779 535 939 598 fatendum
962 536 1035 613 erit,
1066 544 1100 598 ut
1120 537 1255 599 Prome—

115 641 224 702 theum
246 639 287 701 ed
308 656 488 700 sermonem
510 636 629 698 Oceani
650 637 884 722 respicientem,
907 646 941 700 nt
961 657 1019 719 per
1040 648 1088 703 est
1103 639 1256 722 statuere,

115 760 180 806 non
202 741 345 802 deceant.
388 741 429 802 at
450 740 533 801 enim
553 737 737 820 praevideo,
760 739 840 815 fore,
864 741 917 820 qni
938 742 970 803 in
993 761 1042 818 ec,
1065 745 1151 825 quod
1172 747 1255 807 Pro-

115 843 260 905 metheus
290 842 323 903 in
357 841 463 904 medio
493 861 587 906 versu
622 844 797 905 cretionem
825 844 945 905 Oceani
984 846 1113 926 excipit,
1151 849 1257 908 oden-

117 943 254 1006 dendum
276 963 347 1006 esse
370 945 455 1028 ajent
476 953 570 1026 atque
593 947 793 1010 contendant.
836 950 956 1010 Tamen
974 949 1038 1011 tale
1058 949 1131 1030 quid
1153 971 1257 1032 neque

115 1047 208 1129 hujus
236 1045 332 1126 ipsius
359 1045 485 1108 labtdae
507 1050 562 1110 Vs·
575 1048 638 1112 982
666 1069 731 1111 non
752 1049 856 1112 locum
878 1050 998 1112 habere
1021 1053 1258 1116 concedendum

115 1149 185 1210 erit
237 1148 332 1222 Quod
361 1151 538 1232 exemplum
566 1171 661 1231 οοοιο
690 1150 820 1214 Carolus
841 1152 1059 1215 Lachmannus
1089 1151 1258 1236 aliquando

116 1267 284 1310 removero
307 1257 436 1312 conatus
459 1259 558 1326 essct,
586 1271 661 1312 mcx
681 1259 787 1312 tamen
808 1253 878 1333 ipse
899 1254 948 1314 vir
970 1255 1173 1331 clarissimus,
1197 1277 1259 1338 qua

117 1357 165 1412 est
192 1349 400 1432 ingenuitate,
431 1371 467 1414 se
496 1370 620 1414 errasse
647 1353 811 1434 protessus
839 1361 903 1430 est,
935 1356 991 1416 cir.
1013 1375 1095 1437 quae
1124 1358 1201 1424 dixit
1226 1363 1258 1424 in

116 1455 202 1519 libris
225 1453 266 1514 de
289 1453 385 1516 chore
399 1461 526 1538 system.
548 1461 626 1537 trag.
649 1473 712 1536 gn,
743 1473 774 1536 ρ’.
790 1455 867 1530 124,
899 1455 992 1518 etde
1014 1479 1162 1524 mensura
1188 1472 1259 1526 tra'-

118 1555 321 1636 goediarum,
348 1577 380 1638 p.
399 1556 451 1618 20.
500 1555 559 1618 llic
586 1575 664 1618 vero
693 1555 844 1636 imprimis
873 1556 917 1618 ita
945 1569 1142 1640 comparatus
1171 1567 1258 1631 locus

119 1665 180 1733 est,
203 1657 368 1735 attalem,
390 1659 417 1720 si
438 1675 554 1721 vocare
575 1657 695 1740 placet,
708 1656 916 1720 insolentiam
938 1659 1089 1726 admittat
1134 1667 1259 1750 Optime

118 1757 202 1818 enim
224 1759 360 1838 aposta
382 1775 433 1820 res
454 1759 499 1822 sic
521 1765 569 1821 est
589 1759 743 1833 instituta,
774 1768 809 1822 ut
831 1761 991 1822 Oceanum
1016 1771 1259 1834 sermocinando

118 1860 161 1922 ad
182 1861 245 1922 tale
267 1860 342 1941 quid
364 1857 563 1923 delabentem
584 1860 717 1934 feceret,
741 1859 826 1939 qnod
841 1859 1033 1924 Prometheo
1052 1864 1176 1931 facilem
1198 1875 1260 1934 ad-

119 1961 402 2038 versandiansam
428 1961 586 2043 praebere
612 1966 731 2040 posset.
781 1959 875 2032 Quali
896 1960 995 2022 dere
1018 1961 1093 2025 dum
1115 1967 1260 2036 Oceanus

119 2061 196 2124 nibil
213 2063 349 2124 sentiens
364 2063 510 2142 loquitur,
533 2061 636 2122 subito
655 2078 726 2122 eum
739 2057 924 2139 'interpellat
936 2061 1067 2142 ejusque
1082 2075 1260 2135 sermonem

120 2164 234 2244 excipit
254 2159 475 2240 Prometheus,
503 2170 537 2225 ut
561 2161 664 2224 solent
688 2161 725 2235 ii,
754 2160 805 2240 qui
832 2161 877 2222 in¹
893 2161 1048 2242 ejusmodi
1075 2170 1261 2238 condicione

119 2273 292 2330 versantur.
340 2257 421 2326 Hinc'
448 2265 541 2326 etiam
567 2261 920 2345 magisplocettvesv
941 2264 1140 2345 interpretari
1162 2271 1260 2352 unde,

120 2359 216 2452 quam
232 2367 320 2430 inde.
363 2369 404 2430 Et
417 2367 498 2428 haec
513 2366 640 2446 quidem
657 2383 752 2445 super
767 2364 829 2425 hac
844 2381 882 2425 re
897 2364 979 2426 dicta
997 2367 1167 2450 sufficiant3
1188 2391 1260 2437 nam

120 2471 248 2555 Reisigtt
266 2469 417 2554 judicium
435 2467 592 2550 negantis,
616 2465 762 2526 «fervens
785 2463 868 2526 adeo
886 2472 918 2526 et
936 2464 1122 2548 imaginibus
1139 2473 1262 2536 redun-

121 2575 198 2637 dans
222 2573 372 2636 orationis
395 2588 508 2653 genus,
531 2567 701 2652 maximea
723 2568 776 2629 Vs.
789 2567 865 2641 36l,
888 2567 920 2629 in
939 2568 1162 2636 Prometheum
1179 2597 1262 2639 con-

120 2675 244 2747 venire,
266 2673 315 2735 cui
328 2673 395 2754 jam
411 2689 475 2736 non
493 2671 533 2734 sit
550 2670 646 2731 otium
664 2666 768 2730 aliena
784 2661 867 2728 male
884 2669 1109 2749 lamentandi‘,»
1135 2695 1175 2738 ne
1194 2679 1262 2758 quis

121 2776 251 2858 probet,
280 2772 447 2855 probatum
469 2779 596 2835 nocuae
618 2771 790 2832 sententiae
814 2771 972 2848 obvertat,
1000 2793 1064 2836 non
1087 2783 1242 2846 veremur.

207 2875 376 2938 Hactenus
393 2875 433 2935 de
464 2873 600 2936 universi
630 2873 691 2934 loci
722 2871 949 2934 distributione.
1002 2875 1171 2940 Videamus
1196 2881 1263 2962 jam

122 2981 163 3042 de
192 2996 255 3041 uno
285 2981 352 3062 ejas
381 2983 535 3040 commate
562 2976 633 3050 illc,
665 2974 750 3056 quod
771 2975 845 3036 vinis
868 2975 967 3038 doctis
991 2986 1134 3058 apertum
1155 2981 1262 3043 vitium

122 3101 235 3146 sanare
257 3079 464 3142 adnitentibus
486 3075 637 3139 maximas
659 3075 818 3138 molestias
841 3077 980 3138 creavitz·

165 3211 167 3218 ·
255 3173 328 3244 Tic
353 3177 479 3262 γηγενῆ
502 3199 539 3240 ea
561 3171 907 3258 Κιλικίοονοῖκήοορα
980 3194 983 3202 “

250 3275 381 3362 ἄντρων
404 3269 483 3342 ttdv
503 3270 659 3363 ᾆκοοιρα,
689 3273 788 3343 totam
802 3276 922 3358 Ὶοὲρος,

248 3367 563 3459 ἐκοτονοοκοὲρηονον
587 3369 672 3458 πρὸς
693 3374 777 3458 βίον
805 3366 1025 3460 χειρούμενον
1137 3418 1140 3426 ·

255 3477 401 3560 Plancina
429 3477 578 3557 θοῦρον,
610 3476 716 3540 ndens
740 3470 779 3547 dc
805 3467 949 3559 dmin-cn
974 3480 1076 3550 decta.
1174 3509 1178 3518 ·

122 3587 162 3650 nt
183 3579 330 3645 mendam
353 3577 492 3659 quidem,
519 3577 552 3640 iu
574 3593 637 3656 qno
665 3575 796 3639 vechnn'r
823 3570 1139 3659 exocewcutpmcv
1161 3576 1263 3652 cubat,

121 3683 262 3769 pluribus
289 3679 391 3743 modis
418 3685 452 3740 et
478 3676 635 3740 sublatum
664 3675 712 3738 est
739 3685 772 3740 et
797 3683 906 3760 potest
930 3675 1013 3749 tolli,
1049 3675 1183 3756 quorum
1209 3681 1263 3762 qni

122 3805 216 3852 verus
237 3785 291 3859 sit,
313 3781 412 3846 hodie
434 3779 577 3862 exputari
598 3779 715 3860 nequit.
757 3781 941 3842 Postremus
959 3795 1085 3852 versus,
1116 3796 1210 3860 quem
1232 3782 1264 3843 in
1363 3779 1368 3789 ’

121 3889 199 3952 vitio
221 3905 293 3950 esse
312 3885 404 3950 metri
425 3883 505 3948 ratio
528 3882 657 3958 evincit,
678 3883 822 3965 plurime
841 3879 1027 3961 conjecturis
1050 3882 1183 3942 tentatus
1202 3886 1264 3942 est.

121 3989 265 4064 Quarum
286 3989 421 4050 mamma
441 4003 518 4067 pars
536 3983 581 4047 ita
594 3991 651 4046 est
672 3989 868 4062 comparata,
891 3985 925 4041 ut
947 3983 1052 4045 πᾶσιν
1074 3989 1169 4054 θεοις
1190 4001 1264 4042 see-

122 4099 221 4154 vctur.
265 4090 306 4151 At
330 4088 432 4170 ipsum
457 4085 668 4150 illudentium
695 4082 795 4144 nabet
815 4082 901 4163 qued
923 4081 1085 4160 displioeat
1107 4087 1139 4142 et
1159 4080 1263 4144 mendi

123 4192 332 4275 suspicionem
363 4197 498 4253 movent
555 4189 696 4250 Primam·
722 4185 804 4245 'enim
821 4181 898 4266 ’.μοι
915 4182 1001 4336 pop&
1015 4188 1144 4240 sennen
1169 4172 1263 4236 nimis
