2910 4672
539 115 860 209 ...4-

184 321 295 383 saltem
317 315 473 385 πέδαισιν
495 323 579 380 esset
600 315 814 391 scribendum,
840 316 896 379 cir.
918 313 1063 380 Elleridtii
1085 319 1158 380 Lex.
1175 320 1326 400 Sophoel.

183 421 253 482 Vol.
275 421 321 494 ll,
355 439 386 500 p.
407 437 428 480 v
455 437 523 499 sqq.
544 452 588 464 —
644 418 697 479 Er
721 416 825 480 verbis
853 417 1002 504 χαλινοῖς
1035 423 1070 483 έν
1106 420 1327 503 πετρίνοισιν,

183 542 264 605 quac
293 523 346 584 Vs.
362 520 424 584 561
454 521 613 602 leguntur,
645 541 715 583 cum
743 521 795 596 iis,
832 539 913 602 quae
941 519 1005 583 hoc
1032 521 1115 594 Ιοοο,
1133 528 1165 584 et
1192 522 1326 586 subinde

183 623 355 687 accuratius
385 627 596 704 exponuntur,
627 623 806 702 compositis
825 623 897 706 jure
925 622 998 685 licet
1019 641 1159 698 sumere,
1188 625 1325 686 Prome-

149 793 152 800 ,
184 727 292 788 theum
322 744 386 786 non
416 725 518 785 solum
552 722 653 786 aereis
684 723 812 786 vinculis
848 723 889 786 ad
919 744 1029 804 rupem
1060 723 1155 785 luisse
1186 723 1325 801 affixum,

183 828 240 889 sed
267 826 357 890 simul
386 845 464 907 rupe
492 826 560 905 ipsa
587 846 700 910 corpus
724 835 808 890 certe
832 835 982 909 exparte
1005 825 1094 908 quasi
1116 827 1325 908 amplectente

183 929 392 993 constrictum.
436 929 582 992 Similiter
596 931 819 993 Prometheum
832 932 864 993 iu
878 931 1018 993 Caucaso
1030 929 1166 991 vinctum
1180 930 1326 1012 pinxerat

182 1032 341 1094 Euanthes
364 1032 395 1092 in
418 1032 535 1113 templo
557 1032 642 1095 Jovis
664 1031 840 1097 Pelusiotae
862 1039 942 1095 teste
958 1013 1078 1094 'Achille
1101 1032 1190 1093 Tatio
1213 1030 1269 1107 lll,
1285 1032 1324 1095 8:

183 1132 310 1200 δέδεται
332 1129 350 1198 δ
375 1129 585 1218 Προμηθοδς
606 1131 726 1219 οιδῆριμ
752 1134 807 1202 καὶ
829 1133 946 1219 πέτρᾳ.
990 1133 1087 1207 Quae.
1102 1133 1201 1196 verba
1222 1133 1324 1196 minus

183 1245 268 1299 recte
290 1236 441 1300 intellexit
461 1237 495 1296 L.
509 1235 640 1297 Annibal
657 1235 820 1320 Crucejus,
843 1256 939 1317 quum
954 1235 1000 1298 sic
1022 1237 1242 1318 interpretatus
1260 1243 1323 1298 est:

185 1338 414 1401 «Prometheus
445 1339 559 1401 terreis
587 1338 703 1401 catenis
725 1339 795 1421 rupi
817 1339 971 1423 adligatus
994 1344 1090 1401 erat.»
1143 1337 1205 1400 Cir.
1228 1338 1324 1399 etiam

183 1440 269 1521 quod
291 1459 358 1522 cap.
373 1440 404 1503 6.
426 1439 503 1504 dixit
523 1441 658 1506 Achilles
681 1440 805 1502 Tatius:
827 1441 957 1522 πέτραν
978 1441 1168 1504 Prometheo
1192 1457 1261 1501 esse
1283 1432 1324 1504 τὸ

181 1537 417 1623 δεσμωτήριον.
468 1541 505 1603 ld
532 1539 633 1621 ipsum
655 1558 675 1602 a
696 1539 878 1619 poetahoc
902 1538 990 1614 loco,
1023 1541 1064 1600 ab
1086 1535 1323 1604 initio'fabulae

181 1641 303 1722 posito,
334 1661 397 1721 quo
426 1642 528 1723 ipsum
553 1642 639 1704 Jovis
668 1641 848 1704 mandatum
875 1641 1031 1722 eloquitur
1052 1639 1176 1713 Robur,
1207 1647 1240 1702 ut
1266 1660 1324 1721 par

182 1751 267 1819 erat,
306 1750 453 1806 accurate
486 1742 691 1825 significatum
726 1763 796 1806 esse
833 1760 966 1818 censeo,
1005 1743 1091 1825 cujus
1122 1760 1193 1804 carn
1222 1744 1325 1824 ipsam

181 1847 366 1928 scripturam
388 1847 478 1911 unice
496 1865 604 1910 veram
622 1864 693 1910 esse
715 1847 971 1928 arbitror,'quae
989 1846 1021 1908 iu
1038 1844 1175 1908 editione
1192 1845 1328 1910 Robor-

180 1949 307 2012 telliana
328 1948 500 2029 reperitur:
956 2005 959 2012 ,

311 2045 564 2132 οἷδαμαντέναις
587 2047 706 2122 πέδαις
734 2055 771 2120 ἐν
798 2042 974 2136 οἷρρἧκτοις
1001 2050 1150 2134 πέτραις.

180 2153 228 2216 De
250 2153 314 2214 hoc
335 2170 399 2214 uno
421 2150 565 2214 dubitare
587 2149 673 2224 licet,
700 2157 803 2212 uuum
825 2144 1102 2232 ἀδαμαντίνως
1122 2152 1325 2218 scribendum

181 2258 284 2328 sitan
306 2249 587 2341 ἀδαμαντίνοις.
629 2253 690 2316 Pro
713 2252 766 2314 illa
786 2252 940 2338 scriptura
961 2252 1036 2317 lacit
1056 2254 1208 2318 librorum
1230 2275 1323 2321 ruscr.

181 2368 213 2424 ct
234 2380 381 2424 numerus
404 2366 437 2424 et
458 2357 642 2430 auctoritas,
670 2376 729 2438 pro
751 2356 819 2426 hac,
835 2357 921 2438 quod
942 2357 1042 2420 minus
1065 2359 1178 2420 usitata
1199 2365 1247 2420 est
1267 2360 1322 2422 lo-

180 2465 263 2530 cutio
279 2453 516 2546 ἇδαμᾶντινοι,
531 2459 664 2543 πέτραι,
682 2459 723 2522 de
736 2478 799 2539 qua
812 2459 884 2523 vide
899 2459 1048 2522 Friderici
1063 2459 1199 2524 Jacobsii
1215 2471 1321 2524 annot.

152 2583 156 2598 ·
180 2566 221 2629 ad
243 2565 369 2628 huthol.
392 2565 518 2638 Graec,
547 2565 583 2626 T.
597 2564 651 2626 lll.
677 2563 795 2644 peaz.
847 2562 903 2625 llla
930 2561 1083 2645 scriptura
1110 2572 1238 2644 recepta
1259 2565 1323 2628 hoc

183 2669 266 2732 dicet
285 2669 410 2731 Robur:
432 2665 751 2732 cascl'nornetlremu
774 2687 818 2732 etr
838 2665 999 2728 mundato
1020 2664 1117 2730 Jour‘s
1140 2666 1184 2730 ud
1205 2687 1323 2751 nepem

181 2767 504 2857 allipumlumflmno
520 2767 654 2832 uincula
670 2769 719 2832 ite
734 2776 773 2832 ut
788 2766 990 2853 simul'rupe
1004 2767 1159 2854 ircsropili
1173 2769 1321 2832 circam·-

182 2871 356 2936 «latescit.
404 2873 536 2934 Videtur
563 2879 668 2934 autem
695 2872 900 2938 Prometheus
927 2872 959 2936 in
988 2871 1092 2954 aliquo
1121 2875 1205 2956 rupis
1233 2873 1321 2936 hiatu

180 2976 300 3059 positus
328 2975 425 3038 luisse
452 2975 511 3052 ita,
534 2983 578 3040 ‚ut
603 2983 824 3059 parsurum
852 2978 995 3064 corporis
1021 2978 1215 3059 promineret
1236 2987 1269 3041 et
1290 2979 1322 3040 in

181 3085 382 3161 conspectum
412 3077 543 3142 veniret
595 3079 686 3154 Quae
702 3081 876 3156 sententia,
907 3080 938 3142 iu
960 3081 1129 3162 propatulo
1151 3089 1198 3143 est
1219 3081 1320 3155 situm,

180 3201 274 3263 quam
303 3181 429 3266 egregie
458 3182 591 3264 quadret
618 3183 659 3246 ad
687 3184 734 3258 id,
766 3185 852 3266 quod
879 3183 1020 3265 pluribus
1048 3182 1089 3245 dc
1116 3184 1234 3247 caussis
1261 3205 1320 3266 pru

150 3311 152 3318 ·
180 3292 267 3348 certo
301 3285 381 3345 sumi
414 3293 536 3364 potest,
575 3288 755 3350 Promethei
791 3288 957 3369 imaginem
994 3285 1151 3368 quandam
1185 3285 1321 3368 ligneam

182 3384 279 3456 cardis
303 3403 428 3460 eorum,
451 3387 505 3467 qui
526 3388 724 3470 spectabant,
747 3388 919 3470 subjectam
938 3388 1043 3452 luisse.
1087 3389 1188 3463 Quam
1204 3387 1319 3470 imagi-

180 3509 266 3565 nem,
288 3487 315 3550 si
337 3495 446 3552 nostra
467 3490 621 3554 sententia
642 3489 777 3573 probata
794 3490 904 3565 fuerit,
924 3489 1031 3552 licebit
1046 3490 1089 3554 ita
1109 3498 1320 3572 comparatam

180 3593 276 3662 luisse
298 3602 452 3671 statuere,
481 3601 516 3658 ut
536 3596 604 3659 sola
626 3596 765 3663 anterior
786 3615 859 3680 pars
883 3596 1021 3660 e'rhibita
1043 3604 1127 3660 essct
1148 3604 1182 3658 et
1201 3596 1243 3671 is,
1268 3597 1321 3679 qui

180 3697 401 3765 Prometheum
423 3699 553 3782 agebat,
576 3721 639 3764 nou
661 3701 693 3764 in
716 3719 769 3777 ea,
796 3701 853 3765 sed
874 3720 961 3784 pone
981 3717 1052 3768 cem
1074 3700 1106 3763 in
1127 3700 1215 3762 hiatu
1236 3699 1320 3780 rupis

181 3806 375 3878 versaretur3
406 3822 487 3884 quae
515 3806 597 3872 ratio
625 3807 675 3872 vel
703 3826 761 3891 per
788 3825 824 3869 se
851 3806 1018 3886 plurimum
1046 3805 1158 3880 habet,
1194 3824 1258 3887 quo
1286 3823 1320 3865 se

183 3901 388 3966 commendet.
404 3937 445 3954 -
849 3933 851 3938 ·
