2910 4672
1 577 8 619 l

1 679 8 720 l

1 781 8 822 Ι

1 865 6 922 l

542 161 760 250 5-23-

83 336 218 418 aliquam
248 333 500 416 conjunctionem
523 329 651 394 finalem
678 336 710 391 et
734 343 795 409 pro
819 317 971 390 infinitieo
995 319 1127 409 ιριῖναι-
1141 349 1225 394 eun-

81 437 252 522 junctivum
270 443 310 497 οι
328 435 547 518 conjunctione
564 433 618 496 illa
637 431 838 516 pendentem.
879 430 1027 494 Habebat
1043 430 1096 494 ille
1115 431 1226 514 procul

84 537 181 604 dubio
202 539 266 656 hpe
286 555 363 620 prae
387 537 502 601 oculis:

195 633 372 734 obscero
399 631 527 727 ταύτῃ,
556 628 725 723 Μοῖρ’
707 631 1044 720 onmceslacpo'pee
1153 631 1157 642 '

196 735 569 830 septemtrionem.

81 853 122 912 Iit
148 847 194 910 sic
220 845 398 927 legendum.
452 841 536 917 Quid
557 840 764 924 τελεσφόρον
793 837 943 924 uectem
935 839 1091 912 valeat,
1124 837 1223 902 scho-
1265 899 1272 908 ,

1 994 6 1028 ,
80 951 187 1014 liastes
209 947 296 1011 haud
317 947 423 1027 inepte
446 941 602 1010 vocabulo
622 943 744 1030 ταχέως
763 939 924 1024 significat.
968 939 1038 1002 Non
1056 958 1135 1020 opus
1154 958 1224 1003 csse

1 1092 5 1130 t

80 1047 283 1134 ιειισιρόριις
314 1046 470 1122 scribere,
509 1045 561 1107 vix
592 1051 640 1105 cst
671 1041 758 1124 quod
790 1060 955 1120 moneam;
994 1039 1053 1102 sed
1082 1061 1122 1104 ne
1156 1045 1224 1126 quis

1 1200 4 1234 ,
79 1157 187 1234 putet,
227 1147 268 1212 ad
298 1147 361 1211 hoc
392 1147 508 1210 ducere
537 1140 744 1228 τελεσφόρον
771 1141 865 1218 illud,
905 1140 1004 1223 quod,
1021 1143 1053 1203 in
1086 1143 1224 1208 editione

1 3243 5 3300 ι

79 1251 193 1316 Aldina
222 1258 285 1324 est,
316 1257 465 1330 reputare
489 1244 604 1330 jubeo,
636 1252 712 1325 quot
738 1243 860 1306 mendis
888 1243 1121 1326 typographicis
1143 1243 1225 1309 haee

78 1354 120 1416 sit
141 1351 311 1433 inquinata.
361 1351 398 1436 ιιιΙ
419 1349 528 1414 codiee
549 1346 686 1409 Vindob.
703 1348 738 1409 Β.
760 1352 809 1408 est
829 1344 931 1428 μοίρᾳ
955 1369 1008 1412 nm
1029 1345 1224 1434 ιιλεοφόρῳ,

80 1454 168 1535 quod
189 1452 310 1535 ipsump
329 1452 462 1518 credere
484 1447 594 1529 aliquis
616 1445 852 1528 primo-obtuto
869 1446 984 1526 possit,
1007 1447 1105 1510 veteri
1122 1448 1222 1510 sebo·-

78 1555 190 1618 liastae
215 1555 329 1618 lectum
355 1555 461 1622 fuisse.
511 1549 575 1614 Sed
602 1548 724 1632 injurie,
774 1549 844 1610 Non
866 1547 1047 1627 reperiebat
1064 1547 1119 1612 ille
1140 1570 1222 1631 pro-

79 1658 165 1721 fecto
195 1656 341 1736 seriptum
375 1650 529 1730 cai-ne,
564 1651 652 1733 quod
681 1669 741 1712 nec
771 1649 847 1712 ierri
880 1649 943 1710 ullo
976 1648 1074 1712 modo
1107 1657 1222 1731 potest.

78 1757 137 1818 Est
161 1755 215 1818 illa
237 1755 321 1820 docti
347 1755 477 1838 alicujus
505 1753 624 1817 librarii
652 1750 830 1816 emendatio
858 1751 1015 1834 vulgatam
1035 1749 1222 1834 scripturam

79 1856 168 1919 nihili
191 1874 260 1921 ease
282 1857 547 1938 intelligentie-

617 2103 785 2248 xss'

382 2327 522 2379 Proerultr
509 2325 761 2418 reonjeuretain
743 2325 918 2381 Vs..de
1022 2305 1038 2334 ’Δ

194 2466 464 2589 Appeorldepeee
490 2466 522 2538 δ’
543 2467 651 2541 eduin
677 2470 848 2556 αἰφνίδιος
874 2470 980 2555 μόρος

192 2599 255 2642 νου
286 2576 350 2660 ζῇν
375 2567 610 2660 ἀπεστέρησεν
664 2607 678 2638 ⁴.

76 2697 192 2758 Sermo
214 2701 264 2756 est
284 2693 325 2756 de
346 2696 442 2775 Argo.
485 2693 586 2756 Priori
608 2704 708 2756 versu
722 2707 817 2772 quum
839 2690 1027 2754 vocabulum
1053 2691 1221 2774 αἰφνίδιος

76 2796 213 2879 synizesi
231 2797 286 2860 ‘vix
313 2813 350 2860 ac
376 2813 416 2857 ne
444 2795 496 2857 vix
521 2794 649 2877 quidem
679 2800 860 2870 excusetur,
899 2792 957 2855 sed
984 2789 1095 2875 procul
1122 2796 1219 2858 dubio

77 2899 121 2959 de
146 2897 263 2960 mendo
292 2898 513 2980 postulandum
542 2899 598 2974 sit,
633 2895 780 2960 facillime
807 2895 934 2977 quidem
963 2897 1221 2979 eetsconjectura

77 2997 219 3080 Elmsleji
248 2994 402 3080 ἀφνίδιος
436 2998 530 3060 scribi
558 2995 717 3081 jubentia
757 2998 911 3076 in'quam
945 2997 1039 3059 etiam
1068 3013 1120 3061 me
1148 3017 1220 3060 ιιιι-

72 3099 169 3173 ιιιὶιιι,
206 3117 301 3178 quum
325 3098 461 3177 primum
492 3100 534 3161 ad
561 3100 645 3160 hunc
670 3098 774 3160 locun
802 3097 937 3158 animum
967 3098 1102 3171 adverti,
1133 3099 1221 3158 inm-

2 3185 3 3196 *
75 3203 174 3274 dere,
197 3205 230 3259 at
251 3195 347 3258 dubia
367 3205 482 3260 tamen.
520 3199 654 3261 Etenim
679 3216 775 3278 quum
795 3217 859 3260 non
877 3198 980 3259 solnm
1005 3205 1098 3260 vetus
1119 3199 1220 3262 scho-

1 3359 4 3404 t
73 3303 185 3366 liastos
211 3299 243 3360 in
271 3297 477 3379 explicatione
498 3299 592 3385 bujus
618 3301 681 3364 loci
702 3299 820 3363 babeat
843 3297 1064 3364 adverbium&
1049 3300 1219 3386 ἐξαίφνης,

1 3453 4 3496 ι

71 3400 136 3466 sed
157 3399 240 3462 idem
258 3399 446 3462 vocabulum
463 3403 561 3465 etiam
576 3403 608 3466 in
626 3403 708 3466 libro
726 3401 938 3466 Armdoltano
957 3419 1052 3484 supra
1070 3406 1217 3486 seriptum

71 3505 133 3580 sit,
156 3504 228 3586 jure
251 3501 361 3581 abquie
383 3505 572 3584 suspicetur,
601 3504 783 3569 adverbium
807 3505 936 3586 aliquod
958 3505 1073 3567 eodem
1094 3505 1218 3587 signiti-

72 3613 148 3670 catu
162 3601 362 3686 praeditum,
383 3613 455 3683 'quo
477 3605 652 3688 ιειιιφνηι,
677 3607 735 3670 sed
755 3607 857 3668 mines
879 3607 1025 3669 usitatum
1047 3606 1217 3686 mumque
1282 3651 1286 3655 -

71 3709 109 3770 in
125 3705 212 3768 libris
226 3703 333 3766 tuisse.
373 3703 442 3764 lam
457 3708 592 3777 constat,
616 3705 768 3769 emtitisse
783 3706 918 3768 formem
932 3703 1074 3780 adverbii
1090 3709 1217 3790 cleve,-

73 3807 154 3885 ιιόν,
182 3804 256 3879 sed,
286 3821 357 3866 eam
381 3803 663 3868 Alexandrinorum
688 3805 801 3882 inisse,
827 3805 1003 3869 Lobeclrius
1032 3809 1152 3872 monuit
1177 3809 1216 3872 ad

73 3907 243 3992 Phrynieh.
268 3925 301 3989 p.
315 3908 365 3971 19.
416 3908 549 3990 Propius
572 3907 666 3973 etiam
689 3909 730 3973 ad
752 3910 895 3976 codicum
921 3929 1012 3975 maor.
1034 3909 1217 3996 scripturam

74 4009 199 4074 accedit
220 4011 305 4092 apud
327 4007 518 4092 Hesychium
541 4011 635 4076 obvia
655 4013 726 4076 illa:
749 4007 908 4097 α’φνιδιοι,
930 4013 1017 4094 qnod
1031 4013 1218 4078 vocabulum

75 4112 245 4193 queminus
276 4110 472 4189 admittatur,
512 4114 590 4178 nibil
608 4151 611 4156 ·
626 4114 754 4180 obstare
787 4116 920 4179 videtur.
983 4114 1047 4178 Sed
1074 4116 1219 4198 proxima
1258 4097 1267 4120 '

76 4214 219 4277 omnium
242 4219 289 4278 eat
311 4212 415 4277 torma
438 4215 661 4301 αἰφνηιιιι,
683 4217 883 4284 selummodo
906 4235 961 4313 ea,
983 4225 1020 4280 ut
1037 4215 1136 4278 altera
1158 4210 1219 4272 illa
