2910 4672
701 79 912 139 ..55-

236 263 329 306 orem
369 244 558 306 citharistam
588 245 755 306 induxerit.
810 247 872 306 Sed
905 249 1067 327 quaeritur
1099 269 1214 331 porro,
1249 261 1282 313 ut
1310 254 1380 335 jam

234 331 493 428 significavimus}
527 365 583 408 cur
610 345 807 427 potissimam
828 344 960 432 pullum
983 348 1210 435 pulliouceum
1234 353 1379 435 elegerit.

234 447 440 527 Respondeat
456 447 584 528 aliquis,
606 451 758 530 quoniam
782 469 820 512 ea
843 450 1092 517 celebratissima
1110 473 1173 517 una
1192 457 1257 518 avis
1280 459 1380 519 Asia-

233 552 293 613 tica
316 548 438 629 ungine
470 549 563 611 fuerit
593 560 624 612 et
653 551 746 612 simul
780 552 936 614 Mercurio
967 553 1055 637 lyrae
1087 556 1244 619 inventuri
1274 578 1379 620 sacra.

230 653 332 716 Audio
356 655 387 711 et
414 651 535 731 probo;
568 654 626 714 sed
655 652 836 714 verosimile
858 663 923 728 est,
955 655 1128 718 accessisse
1155 657 1249 718 etiam
1279 659 1378 722 aliam

228 755 383 816 rationem
405 757 504 838 magis
532 765 637 837 aptam
660 757 701 817 ad
731 756 868 817 studium
886 759 1018 839 jocandi
1041 770 1135 843 atque
1157 762 1289 825 ludendi
1314 786 1377 827 co-

230 857 319 918 micis
342 858 447 937 poetis
469 859 643 939 proprium.
686 859 869 920 Insistamus
892 863 1048 944 vestigiis,
1080 881 1162 944 quae
1183 867 1269 944 apud
1290 866 1378 928 bunc

228 968 355 1036 poetam
388 961 593 1041 reperiuntur.
637 963 737 1044 liujus
766 962 866 1042 ipsius
898 962 1024 1026 fabulae
1055 966 1109 1027 Vs.
1127 966 1190 1028 489
1225 968 1265 1027 de
1287 967 1376 1046 gallo

228 1059 404 1138 gallinaceo
427 1064 574 1143 scriptum
598 1063 746 1145 legimus:
781 1058 917 1130 ὁπόταν
937 1064 1051 1148 μόνον
1073 1061 1216 1153 ὄρθριον
1236 1061 1322 1152 ᾄσῃ,
1344 1076 1376 1128 et

229 1160 291 1221 loci
313 1161 617 1243 Ecclesiazusarum,
645 1166 698 1245 qui
722 1175 769 1227 ast
791 1167 844 1228 Vs.
858 1166 922 1229 489
939 1187 1017 1247 sqq„
1040 1167 1093 1228 ita:

508 1260 548 1332 σύ
570 1266 605 1332 δὲ
627 1262 713 1350 daup’
735 1261 757 1349 ἡ
784 1266 1021 1352 κιθαρῳδός
1045 1275 1135 1346 ἔξιθι

396 1365 558 1434 πολλάκις
580 1361 797 1448 ἀναστήσασά
818 1361 854 1450 μ’
884 1373 932 1443 εἰς
954 1370 1130 1453 ἐκκλησίαν

396 1457 473 1543 οέισρό
495 1459 622 1539 auinaue
645 1459 700 1532 deci
722 1462 783 1534 τόν
804 1465 947 1551 ὄρθριον
968 1468 1093 1550 νόμον,

226 1581 289 1641 qno
313 1561 385 1623 loco
409 1564 580 1626 Brunclrins
600 1561 662 1648 τὴν
694 1563 882 1646 κιθσρωδὸν
904 1570 1111 1645 gallinaceum
1134 1567 1374 1651 intelligendum

225 1665 397 1740 statuebat,
428 1663 652 1748 ρσίὄρθρισς
683 1661 772 1748 ᾅδων
796 1665 988 1728 dormientes
1018 1686 1036 1728 e
1066 1686 1180 1729 somno
1210 1672 1373 1733 excitaret.

227 1767 290 1829 Sed
312 1767 437 1848 egregie
459 1767 594 1844 fallitur,
626 1766 807 1846 appellatur
829 1768 911 1824 enirn
942 1769 1029 1827 mola
1052 1770 1224 1829 manuarie.
1267 1772 1373 1832 Etiam

225 1868 414 1930 scholiastes
437 1868 553 1930 voluit:
588 1862 607 1952 r}
631 1863 781 1948 α’λσκρίς,
805 1874 839 1927 ut
861 1866 1011 1948 scriptum
1035 1865 1138 1928 estin
1159 1872 1373 1946 praestantis-

227 1971 306 2033 simo
331 1987 392 2033 uno
418 1971 487 2033 cod.
510 1973 709 2045 Rauennate,
732 1987 820 2028 non:-
841 1962 862 2053 ἦ
885 1964 1070 2051 dirumpis,
1094 1969 1178 2047 quod
1202 1968 1318 2050 legitur
1338 1972 1371 2032 in

226 2073 299 2135 edit.
332 2071 462 2148 Aldina,
494 2072 536 2133 ob
565 2091 659 2150 quam
690 2088 818 2150 pravam
842 2069 1027 2150 scripturam
1055 2068 1088 2128 in
1116 2068 1206 2130 illum
1228 2088 1372 2136 errorem

191 2195 196 2207 ·
225 2174 374 2236 incidisse
395 2172 567 2234 Brunckius
582 2174 713 2234 videtur.
759 2172 822 2232 Sed
845 2170 1015 2231 tenendum
1039 2175 1153 2246 tamen,
1177 2171 1262 2249 quod
1282 2175 1370 2236 mola

226 2277 388 2340 mandaria
408 2271 590 2362 κιθαρῳδός
610 2281 748 2335 *vocatur
770 2292 834 2334 non
855 2271 1053 2354 simpliciter,
1076 2272 1133 2334 sed
1156 2273 1282 2337 ratione
1302 2275 1368 2338 ha-

226 2380 292 2441 bita
313 2381 376 2446 τοό
408 2372 550 2462 ὀρθρίου
579 2374 697 2452 νόιιοα.
742 2379 829 2438 Haeo
858 2376 955 2438 verba
977 2376 1005 2438 si
1036 2375 1142 2456 posita
1165 2396 1230 2438 nou
1251 2387 1368 2453 essent,

227 2500 351 2542 sumere
380 2479 506 2554 liceret,
541 2477 619 2540 illud
651 2479 854 2541 solummodo
894 2497 935 2540 ex
964 2497 1003 2540 eo
1036 2495 1107 2538 esse
1140 2477 1370 2558 explicandum,

229 2583 315 2662 quod
336 2580 423 2642 mula
445 2581 608 2641 manuaria
639 2581 789 2662 crepitum
814 2580 894 2655 edit,
924 2599 987 2659 quo
1019 2580 1059 2641 de
1090 2580 1299 2642 conserendus
1325 2591 1373 2642 est

226 2685 333 2760 locus,
357 2684 410 2762 qui
432 2688 481 2742 cst
502 2684 579 2744 Rau.
613 2684 870 2764 Vs.1304sqq.:

399 2781 564 2868 ἐνεγκάτω
586 2794 638 2858 τις
656 2780 695 2852 τὸ
718 2782 847 2867 λύριον·
872 2782 980 2848 καίτοι
1004 2808 1037 2848 τι
1060 2781 1109 2850 dai

397 2878 589 2969 idpuctul
606 2887 749 2968 τούτονς
774 2876 1078 2966 νιοῦὄαιινῆτοῑο
1100 2878 1309 2966 ὄσκρόκοις

316 3005 319 3012 “
398 2983 505 3070 αὕτη
533 2988 752 3070 κροτοῦσα.

227 3094 313 3152 Nunc
335 3090 550 3153 necessarium
571 3091 711 3170 videtur,
734 3091 956 3169 obtemperare
980 3086 1074 3148 etiam
1108 3084 1302 3158 scholiastae
1330 3088 1373 3148 ad

227 3191 322 3255 verba
346 3185 406 3258 τὸν
426 3187 569 3276 ὄρθριον
592 3190 703 3276 νόμον
723 3191 807 3254 haec
830 3189 1013 3256 adamanti:
1047 3185 1136 3256 οὕτω
1158 3184 1370 3270 καλούμενος

227 3293 344 3377 νόριοο
364 3289 584 3375 struppearia
601 3289 628 3362 -o‘
665 3291 825 3379 ὄρθριος,
856 3313 915 3375 pro
939 3313 1002 3374 quo
1018 3299 1187 3373 postremo
1210 3290 1370 3354 vocabulo

188 3395 463 3480 „rescribendum
481 3415 551 3456 esse
570 3393 698 3478 ὄρθιος,
714 3416 772 3477 per
790 3417 825 3459 se
844 3392 1037 3476 intelligitur.
1061 3391 1254 3463 Quibuscum
1274 3411 1371 3474 egre-

228 3499 276 3580 gie
306 3496 477 3559 concinunt
505 3515 563 3576 ea,
599 3518 681 3580 quae
711 3499 898 3561 scholiastes
938 3494 1106 3577 adscripsit
1138 3495 1180 3558 ad
1210 3497 1370 3559 Ranarum

228 3603 280 3664 Vs.
300 3599 385 3661 1315Ι
413 3598 626 3664 illustraturus
666 3603 762 3665 verba
799 3607 834 3668 tu
872 3601 941 3670 uuir
972 3597 1203 3685 κιθαρῳδικῶν
1231 3597 1372 3681 oditur.-

234 3699 420 3790 Τιμαχίδας
441 3699 465 3784 'l
499 3697 707 3802 ypcipacguic
741 3705 785 3791 τῷ
815 3702 917 3794 ὄρθι’ρι
950 3702 1044 3788 νόμῳ
1073 3701 1279 3786 κεχρημένον
1307 3703 1371 3766 τοῦ

300 3873 320 3936 ’)
342 3871 382 3921 Dc
410 3869 570 3920 Timachlda
601 3869 663 3919 ride
688 3887 757 3938 quae
788 3871 995 3937 disputaverunt
1021 3866 1210 3918 Ferdinaudus
1243 3869 1370 3918 Rathius

230 3967 322 4011 noster
348 3961 391 4010 «de
407 3957 676 4024 lexici'llesyclrioni
696 3955 791 4026 σπῖρα·
812 3973 839 4025 p.
859 3956 909 4006 113
925 3971 985 4024 sqq·
1024 3955 1091 4005 Otto
1111 3955 1294 4008 Schneiderus
1325 3959 1370 4006 ude

229 4053 348 4098 veterum
366 4049 394 4098 in
415 4046 620 4116 Aristophanem
648 4046 734 4096 schol.
755 4045 886 4096 lontibus·
914 4063 943 4113 p.
958 4043 1012 4107 ill,
1037 4043 1131 4094 Julius
1149 4045 1295 4096 Ricbtcrus
1324 4047 1370 4094 oie

232 4136 373 4205 Aeschyli,
394 4132 554 4207 Sophoclis,
582 4133 722 4202 Euripidis
742 4135 855 4200 interpr.
878 4132 1000 4184 enecta
1026 4149 1054 4200 p.
1072 4129 1106 4182 63
1120 4148 1160 4198 sq.
