2910 4654
661 151 876 214 ...90-

215 324 268 390 aot
289 319 354 410 χρὴ
372 318 463 408 ἡμᾶς
490 323 624 411 ἔχοντας
645 317 685 388 sd
706 303 806 402 drino,
839 313 900 386 τὸν
932 311 1128 403 ὀβελίσκον,
1155 327 1355 400 περιπατεῖν

214 425 281 490 τῶν
302 420 415 491 ὅπλων
435 420 529 497 ἐντὸς
542 415 642 507 ἐγγύς
657 415 733 503 παρ’
755 413 864 502 oriris
883 412 948 502 τὴν
967 414 1093 507 χύτραν
1114 413 1225 502 ἄκραν
1247 412 1356 501 ὁρῶν-

215 551 275 600 τας
310 519 448 609 (αὐτήν).
491 527 595 589 Verba
625 528 694 592 snio
738 521 850 591 ὄττλαν
884 518 979 596 ἐντὸς
1012 518 1204 604 significant:
1237 518 1288 582 ito
1317 525 1358 582 ut

214 648 311 692 ormo
335 634 415 688 onte
435 647 498 690 roos
517 629 607 708 siat,
630 625 740 690 mettio
763 626 854 696 irater
884 643 946 686 nos
976 631 1076 715 utque
1097 640 1187 684 oues.
1230 619 1358 684 Intelli-

214 737 328 814 gnntnr
349 736 454 794 antem
476 748 563 792 arma
584 737 648 792 tam
674 729 758 790 duae
785 725 861 788 illae
889 725 973 788 ollae
1002 743 1097 804 quam
1119 729 1270 804 quattuor
1300 721 1358 784 itta

213 831 366 916 τρυβλία.
417 831 517 894 Porro
551 849 621 895 esse
650 849 763 894 runem
796 821 897 914 ἐγγύς
925 827 1135 912 jungendam·
1152 816 1225 888 edm
1251 824 1357 888 verbis

214 924 291 1016 παρ’
312 922 421 1014 αύτύν
434 923 497 1014 τὴν
520 927 656 1020 χύτραν,
676 938 741 993 tarn
764 929 883 992 clarum
906 936 963 1004 est,
984 927 1093 992 utrix
1112 946 1193 1007 opus
1216 925 1257 988 sit
1274 945 1358 1007 pro·-

213 1053 330 1099 vooare
353 1035 462 1109 adea,
485 1053 566 1116 qnae
588 1035 754 1116 congessit·
767 1032 952 1116 Bernhardy
973 1034 1060 1116 synt
1080 1030 1199 1112 paea.
1237 1022 1361 1111 Χύτρα

216 1133 302 1218 ύαρα
313 1143 361 1198 ast
373 1141 533 1213 extremo,
556 1155 712 1221 supremo
726 1153 801 1217 pars
817 1133 912 1197 ottae.
943 1133 1086 1216 Denique
1099 1131 1193 1196 obiiti
1212 1129 1358 1194 uidentur

216 1237 276 1301 viri
299 1236 394 1313 doeti,
417 1231 500 1322 ὅρᾷν
519 1261 553 1303 τι
574 1235 696 1326 valere:
717 1237 884 1300 rationem
906 1233 1035 1298 dobere·
1050 1233 1204 1320 alicujus,
1226 1232 1268 1296 de
1294 1251 1357 1312 quo

216 1340 273 1403 eir.
294 1337 474 1402 Buttmanni
496 1339 569 1402 adn.
597 1340 638 1401 ad
659 1338 823 1400 Demodh.
851 1337 927 1403 mid.
956 1336 988 1420 ὃ.
1009 1336 1049 1400 17
1084 1344 1117 1399 et
1145 1331 1295 1398 Meiuelrii
1317 1332 1358 1395 ad

216 1439 382 1502 Menandri
411 1441 477 1502 iah.
509 1440 570 1503 ino.
594 1441 764 1503 LXXXIX
802 1437 934 1522 (Fragm.
966 1456 1049 1501 eom.
1070 1437 1181 1500 Gnaeo.
1213 1436 1358 1501 v01.1v.
1392 1463 1395 1471 .

215 1561 246 1624 p.
265 1541 350 1626 257).
392 1541 449 1605 His
480 1544 526 1608 ita
547 1542 714 1624 disputatis
731 1545 849 1622 'spome
871 1548 1018 1622 apparet,
1051 1538 1239 1602 seutentiam
1258 1537 1358 1601 seho-

217 1643 329 1706 liastae
359 1635 402 1708 τύ
435 1637 525 1709 ὅπλα
549 1643 783 1724 interpretantis
820 1641 949 1726 clypeos
977 1649 1010 1704 et
1036 1641 1119 1718 ollas
1148 1639 1359 1724 intelligentis,

216 1767 280 1811 non
297 1765 368 1810 esse
384 1743 620 1821 admittendam,
641 1745 840 1825 quantumvis
854 1752 969 1808 notum
989 1745 1039 1820 sit,
1062 1761 1133 1805 esse
1147 1742 1237 1806 iilum
1257 1744 1358 1825 signi-

117 1923 126 1932 ,
217 1850 343 1914 deatum
364 1849 527 1930 proprium
548 1846 657 1909 Atticis
679 1844 894 1928 scriptoribus.
936 1844 1016 1922 Sed,
1050 1850 1119 1907 utut
1143 1843 1291 1908 statuitur
1320 1845 1357 1907 de

218 1951 292 2018 looo
323 1950 544 2016 constituendo
576 1948 628 2011 vet
656 1947 913 2030 interpretando,
943 1947 1019 2009 terri
1046 1965 1087 2008 ea
1114 1946 1231 2028 nequit
1273 1950 1357 2031 Ergo

218 2053 315 2118 ollam
336 2052 481 2140 Euelpidi
502 2071 561 2132 pro
587 2051 698 2133 clypeo
721 2069 793 2112 esse
812 2048 881 2112 vult
908 2047 1131 2126 Pisthetaerus.
1184 2049 1255 2112 Noa
1280 2069 1359 2133 nego

217 2155 381 2237 equidem,
410 2154 474 2215 hoo
503 2173 567 2215 non
605 2153 681 2214 satis
717 2151 884 2232 perspicue
915 2169 987 2213 esse
1017 2149 1225 2233 significatum
1253 2151 1358 2216 uerbis

217 2253 412 2342 λαμβάνειν
433 2255 500 2320 reio
520 2253 664 2342 χυτρύνι
693 2254 793 2316 immo
822 2253 904 2319 haee
932 2253 1037 2336 potius
1067 2273 1107 2316 eo
1128 2252 1274 2318 videntur
1294 2253 1359 2316 du-

218 2377 291 2421 oare
312 2357 449 2434 debere,
483 2363 518 2420 ut
538 2355 670 2419 alteram
691 2356 780 2419 illam
809 2355 1035 2437 interpretandi
1056 2355 1212 2418 rationem
1240 2375 1360 2439 sequa-

217 2477 297 2520 mur.
340 2445 403 2520 Sed
430 2457 614 2520 sumendum
646 2464 709 2534 est,
740 2458 984 2535 Pisthetaerum,
1014 2458 1088 2521 dum
1108 2457 1258 2539 Euelpidi
1279 2479 1361 2522 eou-

218 2560 333 2624 sulenti
354 2578 509 2639 responsa
532 2561 601 2636 dat,
622 2561 725 2642 ipsum
746 2560 872 2642 praeire
893 2579 943 2637 ea,
972 2578 1053 2642 quae
1073 2561 1158 2624 hune
1178 2558 1286 2623 faeere
1303 2564 1359 2646 ju-

217 2662 282 2725 bet.
322 2661 371 2722 lta
392 2659 500 2736 tuisse,
520 2660 702 2742 intelligitur
723 2661 819 2724 etiam
840 2669 905 2725 tam
927 2683 968 2726 aa
990 2682 1047 2739 eo,
1068 2661 1156 2742 quod
1176 2662 1232 2723 Vs.
1245 2663 1309 2727 357
1331 2672 1362 2726 et

218 2762 283 2825 358
305 2761 406 2824 dualis
435 2781 582 2824 numerus
617 2771 678 2839 est,
711 2783 804 2846 quam
838 2785 880 2827 ex
909 2765 998 2843 loeo,
1036 2765 1091 2847 qui
1111 2763 1225 2846 legitur
1244 2765 1362 2828 indes

218 2864 273 2926 Vs.
289 2863 366 2941 388,
395 2884 459 2945 quo
482 2863 652 2943 doeemur,
678 2867 909 2931 Pisthetaerum
930 2889 996 2932 non
1018 2868 1123 2931 solnm
1152 2886 1243 2930 suam
1265 2869 1362 2932 ollam

219 2963 360 3042 habere,
392 2967 564 3030 sedetiam
593 2987 670 3031 veru
691 2969 880 3051 arripuisse,
912 2973 956 3036 ita
985 2981 1018 3036 nt
1048 2971 1178 3034 dubium
1205 2989 1361 3034 essenon

194 3068 337 3148 ·'possit,
368 3071 443 3150 quin
465 3071 649 3134 etiam-duo
672 3073 816 3158 τρυβλία
839 3075 890 3138 vel
920 3070 1070 3160 ὀξύβαφα
1093 3074 1167 3136 sibi
1187 3073 1362 3155 sumpserit

220 3171 382 3252 -Neque
400 3176 506 3235 tamen
524 3173 591 3255 jam
613 3174 699 3236 atara
720 3173 753 3235 in
775 3173 848 3237 luae
868 3178 989 3258 positus
1010 3176 1111 3254 loeus,
1133 3177 1245 3240 ubido
1268 3177 1362 3240 armis

222 3273 384 3352 capiendis
405 3293 509 3338 sermo
533 3284 590 3339 est
635 3277 796 3351 Quatenus
818 3279 1030 3343 Pisthetaerus
1052 3279 1158 3344 dioere
1178 3284 1307 3359 potest,
1338 3277 1364 3338 si

222 3374 302 3437 ollas
332 3374 572 3455 prehenderint,
609 3386 757 3441 noctuam
792 3381 881 3462 ipsos
918 3400 985 3444 non
1015 3399 1087 3443 esse
1118 3381 1364 3464 aggressuram?

220 3473 453 3556 Respondetis
485 3484 573 3539 vetus
604 3479 773 3560 interpres,
805 3482 856 3542 oui
879 3499 918 3543 ea
940 3481 1108 3560 debentur,
1142 3497 1226 3563 quae
1247 3480 1290 3544 ad
1314 3480 1365 3542 Vs.

222 3578 286 3642 357
312 3579 512 3659 reperiuntur
533 3579 710 3662 adscripta,
732 3583 846 3646 sireis
874 3583 1077 3666 Euphronius
1099 3591 1164 3662 est,
1195 3583 1264 3646 sive
1285 3583 1365 3646 alius

224 3681 309 3760 quis:
342 3682 501 3766 Φαβαλται
521 3679 586 3767 γύρ
606 3680 670 3770 τήν
692 3684 820 3774 χύτραν
845 3684 887 3756 τύ
910 3685 1010 3774 ὄρνεα
1033 3682 1089 3754 dani
1109 3682 1150 3755 τὸ
1173 3688 1284 3772 μέλαν
1308 3684 1367 3752 ori·

133 3827 137 3841 .
224 3780 315 3857 τύν,
353 3791 465 3846 eontra
495 3784 539 3861 is,
577 3786 631 3866 qui
666 3789 765 3851 verba
802 3791 904 3874 γλαῦξ
941 3795 1007 3866 μὲν
1047 3784 1269 3876 aristodemus
1300 3791 1368 3876 νῷν

224 3877 401 3945 adnotavit:
425 3882 481 3952 Ου’
503 3882 559 3951 ted
581 3881 645 3971 τὴν
665 3884 794 3977 χύτραν
817 3885 857 3955 ού
881 3885 1063 3973 πρότασιν,
1093 3886 1138 3968 ὥς
1158 3887 1368 3977 Εὐφρόνιος·

225 3983 330 4048 τούτο
350 3982 416 4068 yoip
437 3989 555 4064 τοινύς
576 3988 694 4058 πάντα
707 3988 749 4058 τύ
772 3988 870 4075 ὄρνεα
894 3995 1004 4078 φοβεῖ·
1033 3989 1120 4060 α’λλύ
1140 3988 1196 4061 teet
1225 3987 1267 4059 τύ
1286 3984 1371 4057 'Aa-

224 4077 427 4152 sandasirus
447 4081 597 4166 τύζύον.
640 4084 788 4160 Ἀττικοὶ
812 4092 847 4158 δὲ
881 4095 934 4162 καὶ
958 4088 1058 4162 αύτοί
1070 4145 1081 4174 ,
1108 4113 1206 4178 quam
1227 4094 1372 4174 ineptam

224 4183 512 4268 interpretationem
530 4192 654 4255 recoxit
673 4193 826 4256 Hearious
845 4195 996 4261 Vossius„
1027 4197 1139 4260 Melius
1156 4194 1374 4280 Droyseuins:
