2910 4672
581 69 794 130 ..57-

114 232 287 326 Αἰαχύλοιι
313 237 366 304 καὶ
397 233 654 325 ἀνακειαριὲνῳ,
687 243 732 304 sic
753 241 835 304 enim
867 245 1077 311 scribendum·
1130 250 1253 315 Setun>-

113 338 188 400 dum
217 339 299 416 haec
328 338 504 404 existimare
535 338 661 415 licebit,
693 342 934 424 Aristophanem
958 346 1053 408 etiam
1083 346 1158 412 ideo
1182 350 1254 431 gal-

110 441 178 502 lum
201 441 409 522 gallinaceum
443 441 558 505 secisse
582 442 793 521 citharistam,
826 447 912 527 quod
942 449 969 512 is
993 449 1083 530 quasi
1111 446 1254 534 ὄρθριον

109 538 222 627 νόμον
246 551 388 619 caneret,
411 542 570 606 ludentem
593 545 702 606 verbis·
721 543 858 629 ὄρθριος
880 555 911 609 el
931 545 1054 633 ὄρθιος.
1097 551 1170 614 Edit
1192 568 1253 628 auf

108 657 172 710 tem
196 656 227 708 et
248 647 316 727 ipsc
347 645 449 729 gallus
479 645 673 728 gallinaceus
703 669 816 712 sonum
837 647 962 732 ὄρθιον
991 652 1022 714 h.
1046 674 1072 716 e.
1100 653 1199 735 altum
1223 663 1254 715 et

109 767 266 830 magnum.
312 749 361 810 Ob
385 747 419 808 id
448 747 565 828 ipsum,
596 754 631 809 ut
660 767 733 812 mea
756 751 816 812 fert
838 753 1009 828 sententia,
1042 748 1139 828 αὐλὸς
1161 755 1252 816 ‹liee-

106 850 202 912 batur
235 845 378 932 ciln'uscm
412 850 452 912 ab
480 851 556 910 lone
578 850 655 912 Chio
687 851 762 914 loco
785 855 870 934 apud
900 855 1096 918 athenaeum
1126 868 1250 920 servato

106 951 163 1014 lib.
174 953 226 1014 IV.
247 974 277 1034 p.
291 951 397 1027 leat.
442 951 513 1025 Quo
539 971 610 1014 cum
627 953 711 1016 dicto
734 955 814 1016 sitne
832 956 864 1016 id
886 959 1143 1040 comparandum,
1163 963 1250 1041 quod

103 1061 375 1136 repraesentatum
398 1061 445 1114 est
474 1052 506 1114 in
536 1071 661 1134 gemm
694 1057 915 1138 museirltegii
942 1059 1156 1122 Berolinensis
1189 1062 1250 1124 de-

104 1157 223 1236 scripta
246 1175 266 1216 a
288 1154 462 1217 Toellenio
485 1153 573 1230 libri,
597 1175 691 1236 quem
713 1157 888 1238 inscripsit:
913 1159 1142 1224 «Erkltirentles
1164 1165 1249 1226 Ver-

102 1257 262 1320 zeichniss
285 1258 340 1320 der
363 1257 488 1318 antilan
510 1256 642 1322 vartieft
656 1257 894 1338 geschnittenen
915 1260 1021 1322 steine
1048 1263 1104 1324 der
1124 1265 1249 1346 Konig-

101 1360 170 1422 lich
190 1359 413 1422 Preussischon
445 1357 807 1440 Gemmensammlung»,
847 1380 878 1438 p,
898 1362 970 1435 418,
999 1363 1071 1435 233,
1111 1364 1248 1422 dubitari

97 1463 237 1544 quidem
264 1467 386 1539 potest,
427 1461 482 1522 sad
516 1459 640 1520 videtur
676 1461 763 1522 haud
799 1459 902 1542 inepte
935 1462 1028 1523 statui
1053 1481 1160 1542 posse.
1184 1513 1187 1522 ,
1210 1465 1248 1526 111

99 1562 271 1644 plurimum
307 1571 409 1624 tamen
440 1562 541 1644 gallus
579 1563 788 1644 gallinaceus,
830 1571 937 1644 utpote
967 1564 1122 1627 Mercurio
1156 1581 1246 1632 sacer

100 1673 136 1726 et
166 1665 303 1748 ὄρθριος
333 1656 517 1730 cornicum
548 1659 649 1746 ὄρθια
685 1660 897 1748 κηρύγματα,
935 1674 969 1728 nt
993 1675 1062 1730 utar
1093 1669 1195 1730 verbis
1226 1689 1244 1730 a

100 1766 288 1836 Theocrito,
321 1766 383 1838 Vll,
407 1765 468 1825 123
496 1784 560 1843 sq.,
600 1772 630 1824 et
659 1764 835 1842 Sophocle,
857 1766 972 1829 Electr.
994 1770 1046 1830 Vs.
1070 1770 1150 1843 683,
1182 1775 1254 1848 po-'

98 1867 181 1940 sitis,
215 1867 411 1948 cogitabatur
431 1875 581 1946 tanquam
603 1885 719 1946 praeco
743 1874 776 1928 et
797 1868 919 1932 tubicen
943 1879 1036 1950 atque
1061 1871 1245 1932 buccinator

99 1978 136 2032 et
157 1970 221 2030 hoc
242 1967 407 2030 scitissime
415 1989 423 2045 ;
447 1968 521 2030 tuba
544 1968 625 2028 enim
650 1968 744 2028 etiam
767 1986 942 2048 praecones
966 1972 1009 2032 uti
1036 1971 1183 2033 solebant
1213 1981 1245 2034 et

98 2073 230 2136 omnino
253 2072 284 2146 ii,
306 2071 358 2152 qni
382 2071 502 2152 signnm
526 2071 602 2158 dare
618 2069 743 2146 vellent,
767 2071 822 2132 cfr.
845 2091 872 2131 v.
886 2091 921 2138 ,α
943 2073 1090 2154 Aeschyli
1113 2076 1242 2136 Eumen.

98 2177 153 2237 Vs.
167 2176 229 2236 536
247 2194 314 2254 sqq.
338 2182 472 2252 atquae
495 2171 641 2236 adhunc
664 2173 770 2237 locum
793 2174 954 2238 adnotavit
977 2176 1175 2255 scholiastes,
1198 2179 1240 2242 ob

98 2294 195 2356 qnam
217 2293 360 2336 caussam
382 2274 434 2336 vel
455 2275 577 2336 Dianae
600 2275 765 2354 praeconis
788 2275 855 2336 vice
879 2277 1029 2357 fungenti,
1052 2298 1144 2358 quam
1168 2290 1242 2362 apte

95 2373 264 2460 ’Λγιιρίαν
284 2377 426 2438 nominat
449 2377 570 2438 Graeco
594 2377 760 2451 vocabulo,
784 2377 814 2438 in
838 2375 933 2440 nbmo
961 2380 1148 2461 Agyrinensi
1171 2381 1240 2462 pri-

96 2482 171 2542 dem
194 2481 353 2560 publicato
377 2457 396 2542 b
417 2481 559 2562 principe
583 2479 891 2556 Torremuza,·Sioil.
913 2489 973 2546 vet.
996 2502 1078 2546 nunt.
1102 2483 1164 2545 tab.
1184 2485 1238 2560 XI,

96 2590 127 2663 3,
151 2589 182 2648 in
204 2606 330 2649 manum
353 2587 509 2652 sinistram
532 2609 602 2650 esse
624 2571 739 2664 datam,
763 2587 872 2649 docuit
894 2586 1081 2651 Theodorus
1095 2585 1238 2648 Panollta

56 2672 61 2681 ¹
96 2689 378 2764 commentationis,
401 2709 483 2769 quae
504 2689 683 2751 inscribitur
703 2689 796 2750 ‘eVon
818 2687 890 2750 dem
910 2688 1045 2750 Einssuss
1062 2691 1125 2754 cler
1142 2693 1237 2756 Gott-

93 2791 203 2853 heiten
225 2791 283 2852 aul
301 2791 353 2851 die
374 2792 598 2866 Ortsnamenr,
628 2799 707 2870 part.
721 2792 744 2853 1.
767 2811 797 2871 p.
818 2793 856 2854 ll
869 2811 877 2866 ;
909 2799 939 2852 et
961 2791 1000 2850 ab
1025 2790 1125 2876 altera
1146 2803 1235 2874 parte

93 2893 178 2954 idem
200 2893 437 2953 instrumentum
460 2893 610 2952 musicum
634 2893 676 2953 ad
703 2913 815 2954 sonum
837 2893 1054 2954 vehementem
1078 2895 1234 2956 edendum

93 3015 152 3074 per
174 3004 243 3056 arat
264 3003 379 3074 aptum.
431 2993 523 3054 Dabo
554 2991 707 3052 nonnulla
739 3012 777 3052 ex
807 2993 912 3054 multis
937 2995 1090 3073 exempla.
1143 2999 1233 3074 Apud

92 3096 178 3155 hunc
220 3093 321 3174 ipsum
361 3103 509 3173 poetam,
557 3092 724 3183 Ecclesiae.
767 3094 817 3153 Vs.
845 3093 886 3154 30
915 3113 961 3171 sq.
999 3093 1043 3152 sic
1085 3095 1234 3174 scriptum

92 3196 224 3277 legitur:
974 3274 978 3282 ι
1037 3211 1040 3218 ‘

123 3325 126 3332 ’
221 3295 287 3382 ὥρα
309 3298 479 3382 βαδίζειν,
509 3291 552 3372 αἰ·
573 3295 592 3366 c‘
613 3302 736 3386 κῆρυξ
758 3291 879 3382 lipsius

218 3393 314 3483 ἡμῶν
335 3397 545 3482 saponariorum
562 3393 720 3485 δεύτερον
746 3395 1004 3473 κεκόκκυκεν,

92 3500 146 3560 nbi
178 3500 291 3581 gallum
323 3501 532 3582 gallinaceum
563 3503 797 3586 intelligentium
834 3521 904 3564 esse
934 3501 1140 3569 certissimum
1174 3515 1230 3580 est,

91 3619 184 3682 quem
208 3597 400 3680 Sophoclem
435 3620 569 3662 vocasse
600 3595 799 3687 κοκκὸβοὰντ
821 3599 917 3684 ὄρνιν
962 3603 1143 3666 Eustathius
1173 3624 1229 3666 re-

90 3703 150 3764 fert
172 3723 202 3783 p.
225 3704 317 3779 1419,
341 3705 398 3779 44;
430 3701 547 3762 similia
577 3696 668 3782 plura
697 3703 908 3766 ministrarent
930 3703 1129 3772 Comicorum
1149 3703 1229 3765 reli-

91 3808 199 3886 quiae,
234 3806 260 3867 si
282 3806 334 3867 his
354 3807 398 3868 nti
422 3807 545 3868 animus
568 3814 665 3868 essetz
695 3805 888 3888 Phrynichus
911 3807 989 3886 App.
1013 3807 1112 3888 Soph.
1133 3807 1228 3888 p.21‚

88 3908 143 3970 24:
167 3906 285 3972 Ai'rlctu
313 3901 551 3988 ἀλεκτρυόναςε
580 3899 752 3979 Ἀττικῶς·
788 3903 825 3972 ati
860 3908 895 3972 aa
921 3905 1089 3988 κοκκύζιιν
1123 3929 1227 3986 noyn·

89 4010 138 4074 nol
162 4007 326 4091 λέγουσιν.
370 4008 469 4068 Porro
490 4009 645 4072 Lucienus
670 4009 769 4090 Ocyp.
795 4011 848 4070 Vs.
865 4009 926 4070 114
947 4009 1027 4073 haec
1050 4007 1171 4091 posuit:

216 4110 269 4175 ἐπὶ
292 4103 320 4172 δ”
344 4101 487 4194 ulturno
511 4104 643 4195 ἡμέραν
668 4104 910 4178 ἐσάλπισεν.
1160 4135 1205 4181 aa·

1206 4116 1270 4144 A?
