<?xml version="1.0" encoding="UTF-8"?>
<!DOCTYPE html PUBLIC "-//W3C//DTD XHTML 1.0 Transitional//EN"
    "http://www.w3.org/TR/xhtml1/DTD/xhtml1-transitional.dtd">
<html xmlns="http://www.w3.org/1999/xhtml" xml:lang="en" lang="en">
 <head>
  <title>
</title>
<meta http-equiv="Content-Type" content="text/html;charset=utf-8" />
  <meta name='ocr-system' content='tesseract 3.04.00' />
  <meta name='ocr-capabilities' content='ocr_page ocr_carea ocr_par ocr_line ocrx_word'/>
</head>
<body>
  <div class='ocr_page' id='page_1' title='image "./adversariainaea01wiesgoog_0033.png"; bbox 0 0 2910 4672; ppageno 0'>
   <div class='ocr_carea' id='block_1_1' title="bbox 706 145 918 207">
    <p class='ocr_par' dir='ltr' id='par_1_1' title="bbox 706 145 918 207">
     <span class='ocr_line' id='line_1_1' title="bbox 706 145 918 207; baseline 0 -15"><span class='ocrx_word' id='word_1_1' title='bbox 706 145 918 207; x_wconf 63' lang='lat'>..20-</span> 
     </span>
    </p>
   </div>
   <div class='ocr_carea' id='block_1_2' title="bbox 234 315 1386 502">
    <p class='ocr_par' dir='ltr' id='par_1_2' title="bbox 234 315 1386 502">
     <span class='ocr_line' id='line_1_2' title="bbox 236 315 1386 398; baseline -0.001 -16"><span class='ocrx_word' id='word_1_2' title='bbox 236 327 304 392; x_wconf 73' lang='lat' dir='ltr'>tem&lt;</span> <span class='ocrx_word' id='word_1_3' title='bbox 330 327 406 381; x_wconf 84' lang='lat' dir='ltr'>tam·</span> <span class='ocrx_word' id='word_1_4' title='bbox 422 323 508 381; x_wconf 83' lang='lat' dir='ltr'>arcte</span> <span class='ocrx_word' id='word_1_5' title='bbox 538 316 711 379; x_wconf 87' lang='lat' dir='ltr'>cohaerere</span> <span class='ocrx_word' id='word_1_6' title='bbox 741 335 812 378; x_wconf 87' lang='lat' dir='ltr'>eum</span> <span class='ocrx_word' id='word_1_7' title='bbox 840 315 917 390; x_wconf 89' lang='lat' dir='ltr'>hac,</span> <span class='ocrx_word' id='word_1_8' title='bbox 954 321 987 377; x_wconf 91' lang='lat' dir='ltr'>nt</span> <span class='ocrx_word' id='word_1_9' title='bbox 1016 316 1069 378; x_wconf 87' lang='lat' dir='ltr'>illa</span> <span class='ocrx_word' id='word_1_10' title='bbox 1098 316 1258 398; x_wconf 81' lang='lat' dir='ltr'>appellata</span> <span class='ocrx_word' id='word_1_11' title='bbox 1288 315 1386 381; x_wconf 90' lang='lat' dir='ltr'>simul</span> 
     </span>
     <span class='ocr_line' id='line_1_3' title="bbox 234 417 1386 502; baseline 0.001 -20"><span class='ocrx_word' id='word_1_12' title='bbox 234 419 330 482; x_wconf 79' lang='lat' dir='ltr'>etiam</span> <span class='ocrx_word' id='word_1_13' title='bbox 352 420 433 480; x_wconf 87' lang='lat' dir='ltr'>baec</span> <span class='ocrx_word' id='word_1_14' title='bbox 454 419 493 481; x_wconf 90' lang='lat' dir='ltr'>sit</span> <span class='ocrx_word' id='word_1_15' title='bbox 514 417 742 502; x_wconf 79' lang='lat' dir='ltr'>adsignificata,</span> <span class='ocrx_word' id='word_1_16' title='bbox 766 426 798 480; x_wconf 93' lang='lat' dir='ltr'>et</span> <span class='ocrx_word' id='word_1_17' title='bbox 815 436 929 499; x_wconf 87' lang='lat' dir='ltr'>porro,</span> <span class='ocrx_word' id='word_1_18' title='bbox 953 417 1087 480; x_wconf 88' lang='lat' dir='ltr'>candem</span> <span class='ocrx_word' id='word_1_19' title='bbox 1102 419 1259 502; x_wconf 81' lang='lat' dir='ltr'>rationem</span> <span class='ocrx_word' id='word_1_20' title='bbox 1276 421 1386 483; x_wconf 87' lang='lat' dir='ltr'>iuter-</span> 
     </span>
    </p>
   </div>
   <div class='ocr_carea' id='block_1_3' title="bbox 125 507 1384 608">
    <p class='ocr_par' dir='ltr' id='par_1_3' title="bbox 125 507 1384 608">
     <span class='ocr_line' id='line_1_4' title="bbox 125 507 1384 608; baseline 0.004 -25"><span class='ocrx_word' id='word_1_21' title='bbox 125 507 127 516; x_wconf 48' lang='lat'><strong><em>¹</em></strong></span> <span class='ocrx_word' id='word_1_22' title='bbox 236 522 350 583; x_wconf 82' lang='lat' dir='ltr'>cedere</span> <span class='ocrx_word' id='word_1_23' title='bbox 368 522 450 608; x_wconf 86' lang='lat' dir='ltr'>inter</span> <span class='ocrx_word' id='word_1_24' title='bbox 472 517 535 606; x_wconf 70' lang='grc' dir='ltr'><strong><em>κήκ</em></strong></span> <span class='ocrx_word' id='word_1_25' title='bbox 557 523 673 606; x_wconf 72' lang='grc' dir='ltr'><strong><em>κέρκον</em></strong></span> <span class='ocrx_word' id='word_1_26' title='bbox 691 530 723 585; x_wconf 87' lang='lat' dir='ltr'>ot</span> <span class='ocrx_word' id='word_1_27' title='bbox 739 522 822 584; x_wconf 90' lang='lat' dir='ltr'>inter</span> <span class='ocrx_word' id='word_1_28' title='bbox 842 515 905 604; x_wconf 74' lang='grc' dir='ltr'>τὴν</span> <span class='ocrx_word' id='word_1_29' title='bbox 928 517 1047 603; x_wconf 71' lang='grc' dir='ltr'>ὀσφύν.</span> <span class='ocrx_word' id='word_1_30' title='bbox 1092 521 1252 598; x_wconf 85' lang='lat' dir='ltr'>Ceterum,</span> <span class='ocrx_word' id='word_1_31' title='bbox 1275 545 1384 606; x_wconf 85' lang='lat' dir='ltr'>neque</span> 
     </span>
    </p>
   </div>
   <div class='ocr_carea' id='block_1_4' title="bbox 234 619 1384 708">
    <p class='ocr_par' dir='ltr' id='par_1_4' title="bbox 234 619 1384 708">
     <span class='ocr_line' id='line_1_5' title="bbox 234 619 1384 708; baseline 0.002 -21"><span class='ocrx_word' id='word_1_32' title='bbox 234 627 389 688; x_wconf 89' lang='lat' dir='ltr'>hocloco</span> <span class='ocrx_word' id='word_1_33' title='bbox 413 621 478 708; x_wconf 75' lang='grc' dir='ltr'><strong><em>κήκ</em></strong></span> <span class='ocrx_word' id='word_1_34' title='bbox 499 619 607 708; x_wconf 76' lang='grc' dir='ltr'>ὀσφῦν</span> <span class='ocrx_word' id='word_1_35' title='bbox 628 643 748 688; x_wconf 86' lang='lat' dir='ltr'>merum</span> <span class='ocrx_word' id='word_1_36' title='bbox 772 645 807 688; x_wconf 93' lang='lat' dir='ltr'>os</span> <span class='ocrx_word' id='word_1_37' title='bbox 831 643 915 698; x_wconf 86' lang='lat' dir='ltr'>esse,</span> <span class='ocrx_word' id='word_1_38' title='bbox 939 623 1029 686; x_wconf 84' lang='lat' dir='ltr'>facilc</span> <span class='ocrx_word' id='word_1_39' title='bbox 1049 625 1159 688; x_wconf 82' lang='lat' dir='ltr'>elucet</span> <span class='ocrx_word' id='word_1_40' title='bbox 1202 627 1384 708; x_wconf 77' lang='lat' dir='ltr'><strong>vesparum</strong></span> 
     </span>
    </p>
   </div>
   <div class='ocr_carea' id='block_1_5' title="bbox 109 723 1382 808">
    <p class='ocr_par' dir='ltr' id='par_1_5' title="bbox 109 723 1382 808">
     <span class='ocr_line' id='line_1_6' title="bbox 109 723 1382 808; baseline 0 -18"><span class='ocrx_word' id='word_1_41' title='bbox 109 733 118 740; x_wconf 89' lang='lat'><em>&#39;</em></span> <span class='ocrx_word' id='word_1_42' title='bbox 233 727 307 790; x_wconf 88' lang='lat' dir='ltr'>loco</span> <span class='ocrx_word' id='word_1_43' title='bbox 330 725 517 790; x_wconf 79' lang='lat' dir='ltr'>vocabulum</span> <span class='ocrx_word' id='word_1_44' title='bbox 540 733 612 808; x_wconf 90' lang='lat' dir='ltr'>apte</span> <span class='ocrx_word' id='word_1_45' title='bbox 636 725 747 807; x_wconf 89' lang='lat' dir='ltr'>aliquis</span> <span class='ocrx_word' id='word_1_46' title='bbox 771 727 993 808; x_wconf 79' lang='lat' dir='ltr'>interpretetur</span> <span class='ocrx_word' id='word_1_47' title='bbox 1019 723 1156 788; x_wconf 78' lang='lat' dir='ltr'>dorsum</span> <span class='ocrx_word' id='word_1_48' title='bbox 1181 735 1382 806; x_wconf 80' lang='lat' dir='ltr'>extremum,</span> 
     </span>
    </p>
   </div>
   <div class='ocr_carea' id='block_1_6' title="bbox 228 827 1438 3461">
    <p class='ocr_par' dir='ltr' id='par_1_6' title="bbox 228 827 1438 2750">
     <span class='ocr_line' id='line_1_7' title="bbox 235 827 1381 912; baseline 0.002 -22"><span class='ocrx_word' id='word_1_49' title='bbox 235 839 347 906; x_wconf 72' lang='lat' dir='ltr'>nates,</span> <span class='ocrx_word' id='word_1_50' title='bbox 378 827 502 892; x_wconf 83' lang='lat' dir='ltr'>clunes.</span> <span class='ocrx_word' id='word_1_51' title='bbox 546 831 581 891; x_wconf 91' lang='lat' dir='ltr'>ln</span> <span class='ocrx_word' id='word_1_52' title='bbox 610 830 786 912; x_wconf 78' lang='lat' dir='ltr'>fragmento</span> <span class='ocrx_word' id='word_1_53' title='bbox 809 830 990 911; x_wconf 81' lang='lat' dir='ltr'>Amphiarai</span> <span class='ocrx_word' id='word_1_54' title='bbox 1018 829 1163 892; x_wconf 80' lang='lat' dir='ltr'><strong>vocabuli</strong></span> <span class='ocrx_word' id='word_1_55' title='bbox 1191 850 1270 892; x_wconf 87' lang='lat' dir='ltr'>usus</span> <span class='ocrx_word' id='word_1_56' title='bbox 1292 829 1381 892; x_wconf 89' lang='lat' dir='ltr'>idem</span> 
     </span>
     <span class='ocr_line' id='line_1_8' title="bbox 233 931 1380 1014; baseline -0.002 -19"><span class='ocrx_word' id='word_1_57' title='bbox 233 941 298 1011; x_wconf 84' lang='lat' dir='ltr'>est;</span> <span class='ocrx_word' id='word_1_58' title='bbox 329 951 388 1014; x_wconf 88' lang='lat' dir='ltr'>por</span> <span class='ocrx_word' id='word_1_59' title='bbox 409 951 444 994; x_wconf 89' lang='lat' dir='ltr'>se</span> <span class='ocrx_word' id='word_1_60' title='bbox 465 932 661 1014; x_wconf 74' lang='lat' dir='ltr'>intelligitur,</span> <span class='ocrx_word' id='word_1_61' title='bbox 694 932 733 993; x_wconf 88' lang='lat' dir='ltr'>de</span> <span class='ocrx_word' id='word_1_62' title='bbox 756 951 814 994; x_wconf 86' lang='lat' dir='ltr'>avo</span> <span class='ocrx_word' id='word_1_63' title='bbox 837 931 951 994; x_wconf 81' lang='lat' dir='ltr'>dietum</span> <span class='ocrx_word' id='word_1_64' title='bbox 978 933 1072 994; x_wconf 87' lang='lat' dir='ltr'>etiam</span> <span class='ocrx_word' id='word_1_65' title='bbox 1094 933 1225 994; x_wconf 90' lang='lat' dir='ltr'>caudam</span> <span class='ocrx_word' id='word_1_66' title='bbox 1252 932 1380 1014; x_wconf 65' lang='lat' dir='ltr'>siguifi-</span> 
     </span>
     <span class='ocr_line' id='line_1_9' title="bbox 234 1035 1379 1116; baseline -0.003 -16"><span class='ocrx_word' id='word_1_67' title='bbox 234 1055 317 1100; x_wconf 87' lang='lat' dir='ltr'>care.</span> <span class='ocrx_word' id='word_1_68' title='bbox 367 1036 475 1096; x_wconf 83' lang='lat' dir='ltr'>Restat</span> <span class='ocrx_word' id='word_1_69' title='bbox 499 1036 586 1098; x_wconf 89' lang='lat' dir='ltr'>locus</span> <span class='ocrx_word' id='word_1_70' title='bbox 608 1035 787 1110; x_wconf 80' lang='lat' dir='ltr'>Menandri,</span> <span class='ocrx_word' id='word_1_71' title='bbox 820 1053 913 1115; x_wconf 89' lang='lat' dir='ltr'>quem</span> <span class='ocrx_word' id='word_1_72' title='bbox 941 1054 1037 1116; x_wconf 87' lang='lat' dir='ltr'>supra</span> <span class='ocrx_word' id='word_1_73' title='bbox 1063 1035 1251 1116; x_wconf 84' lang='lat' dir='ltr'>exscriptum</span> <span class='ocrx_word' id='word_1_74' title='bbox 1280 1035 1379 1096; x_wconf 87' lang='lat' dir='ltr'>dedi-</span> 
     </span>
     <span class='ocr_line' id='line_1_10' title="bbox 235 1135 1377 1222; baseline 0.005 -24"><span class='ocrx_word' id='word_1_75' title='bbox 235 1157 313 1199; x_wconf 85' lang='lat' dir='ltr'><strong>mus.</strong></span> <span class='ocrx_word' id='word_1_76' title='bbox 364 1137 434 1198; x_wconf 89' lang='lat' dir='ltr'>Hoc</span> <span class='ocrx_word' id='word_1_77' title='bbox 461 1137 534 1198; x_wconf 92' lang='lat' dir='ltr'>loco</span> <span class='ocrx_word' id='word_1_78' title='bbox 557 1154 745 1216; x_wconf 88' lang='lat' dir='ltr'>quamquam</span> <span class='ocrx_word' id='word_1_79' title='bbox 774 1135 886 1198; x_wconf 87' lang='lat' dir='ltr'>eadem</span> <span class='ocrx_word' id='word_1_80' title='bbox 913 1155 1043 1216; x_wconf 91' lang='lat' dir='ltr'>prorsus</span> <span class='ocrx_word' id='word_1_81' title='bbox 1071 1137 1188 1200; x_wconf 91' lang='lat' dir='ltr'>locutio</span> <span class='ocrx_word' id='word_1_82' title='bbox 1212 1147 1377 1222; x_wconf 82' lang='lat' dir='ltr'>astatque</span> 
     </span>
     <span class='ocr_line' id='line_1_11' title="bbox 233 1237 1377 1326; baseline 0.006 -26"><span class='ocrx_word' id='word_1_83' title='bbox 233 1241 304 1300; x_wconf 91' lang='lat' dir='ltr'>loco</span> <span class='ocrx_word' id='word_1_84' title='bbox 321 1237 519 1311; x_wconf 85' lang='lat' dir='ltr'>Herodoteo,</span> <span class='ocrx_word' id='word_1_85' title='bbox 542 1237 786 1318; x_wconf 74' lang='lat' dir='ltr'><strong>haudquaquam</strong></span> <span class='ocrx_word' id='word_1_86' title='bbox 807 1245 913 1300; x_wconf 88' lang='lat' dir='ltr'>tamon</span> <span class='ocrx_word' id='word_1_87' title='bbox 935 1237 1069 1300; x_wconf 87' lang='lat' dir='ltr'>eandem</span> <span class='ocrx_word' id='word_1_88' title='bbox 1093 1259 1162 1301; x_wconf 91' lang='lat' dir='ltr'>esse</span> <span class='ocrx_word' id='word_1_89' title='bbox 1183 1259 1253 1304; x_wconf 88' lang='lat' dir='ltr'>rem</span> <span class='ocrx_word' id='word_1_90' title='bbox 1274 1244 1377 1326; x_wconf 84' lang='lat' dir='ltr'>signi-</span> 
     </span>
     <span class='ocr_line' id='line_1_12' title="bbox 233 1339 1377 1424; baseline 0.005 -22"><span class='ocrx_word' id='word_1_91' title='bbox 233 1340 372 1414; x_wconf 84' lang='lat' dir='ltr'>ficatam,</span> <span class='ocrx_word' id='word_1_92' title='bbox 403 1341 435 1401; x_wconf 89' lang='lat' dir='ltr'>in</span> <span class='ocrx_word' id='word_1_93' title='bbox 462 1341 631 1421; x_wconf 89' lang='lat' dir='ltr'>propatulo</span> <span class='ocrx_word' id='word_1_94' title='bbox 662 1349 710 1402; x_wconf 88' lang='lat' dir='ltr'>est</span> <span class='ocrx_word' id='word_1_95' title='bbox 736 1341 838 1402; x_wconf 88' lang='lat' dir='ltr'>situm.</span> <span class='ocrx_word' id='word_1_96' title='bbox 889 1339 1005 1403; x_wconf 83' lang='lat' dir='ltr'>Contra</span> <span class='ocrx_word' id='word_1_97' title='bbox 1030 1359 1100 1404; x_wconf 89' lang='lat' dir='ltr'>eam</span> <span class='ocrx_word' id='word_1_98' title='bbox 1127 1345 1377 1424; x_wconf 82' lang='lat' dir='ltr'>explicationem,</span> 
     </span>
     <span class='ocr_line' id='line_1_13' title="bbox 228 1440 1376 1528; baseline 0.005 -26"><span class='ocrx_word' id='word_1_99' title='bbox 228 1461 327 1522; x_wconf 82' lang='lat' dir='ltr'>quam</span> <span class='ocrx_word' id='word_1_100' title='bbox 361 1461 456 1523; x_wconf 87' lang='lat' dir='ltr'>snpra</span> <span class='ocrx_word' id='word_1_101' title='bbox 489 1440 752 1521; x_wconf 84' lang='lat' dir='ltr'>deprehendimus</span> <span class='ocrx_word' id='word_1_102' title='bbox 787 1441 819 1501; x_wconf 93' lang='lat' dir='ltr'>iu</span> <span class='ocrx_word' id='word_1_103' title='bbox 852 1441 1070 1524; x_wconf 72' lang='lat' dir='ltr'>Etymologioo</span> <span class='ocrx_word' id='word_1_104' title='bbox 1100 1445 1233 1528; x_wconf 81' lang='lat' dir='ltr'>Magno,</span> <span class='ocrx_word' id='word_1_105' title='bbox 1270 1447 1376 1526; x_wconf 90' lang='lat' dir='ltr'>primo</span> 
     </span>
     <span class='ocr_line' id='line_1_14' title="bbox 234 1540 1376 1626; baseline 0.006 -22"><span class='ocrx_word' id='word_1_106' title='bbox 234 1544 343 1606; x_wconf 87' lang='lat' dir='ltr'>obtutu</span> <span class='ocrx_word' id='word_1_107' title='bbox 371 1545 468 1618; x_wconf 87' lang='lat' dir='ltr'>nihil,</span> <span class='ocrx_word' id='word_1_108' title='bbox 506 1544 591 1624; x_wconf 90' lang='lat' dir='ltr'>quod</span> <span class='ocrx_word' id='word_1_109' title='bbox 622 1543 747 1623; x_wconf 88' lang='lat' dir='ltr'>quidem</span> <span class='ocrx_word' id='word_1_110' title='bbox 777 1540 901 1603; x_wconf 87' lang='lat' dir='ltr'>firmum</span> <span class='ocrx_word' id='word_1_111' title='bbox 931 1543 987 1615; x_wconf 91' lang='lat' dir='ltr'>sit,</span> <span class='ocrx_word' id='word_1_112' title='bbox 1025 1545 1148 1605; x_wconf 88' lang='lat' dir='ltr'>videtur</span> <span class='ocrx_word' id='word_1_113' title='bbox 1178 1547 1238 1604; x_wconf 88' lang='lat' dir='ltr'>dict</span> <span class='ocrx_word' id='word_1_114' title='bbox 1268 1565 1376 1626; x_wconf 88' lang='lat' dir='ltr'>posse.</span> 
     </span>
     <span class='ocr_line' id='line_1_15' title="bbox 232 1643 1375 1732; baseline 0.005 -25"><span class='ocrx_word' id='word_1_115' title='bbox 232 1647 297 1728; x_wconf 71' lang='lat' dir='ltr'>Sed</span> <span class='ocrx_word' id='word_1_116' title='bbox 325 1647 497 1709; x_wconf 75' lang='lat' dir='ltr'>accuratius</span> <span class='ocrx_word' id='word_1_117' title='bbox 527 1645 736 1708; x_wconf 84' lang='lat' dir='ltr'>consideranti</span> <span class='ocrx_word' id='word_1_118' title='bbox 767 1645 873 1706; x_wconf 89' lang='lat' dir='ltr'>nescio</span> <span class='ocrx_word' id='word_1_119' title='bbox 902 1661 942 1704; x_wconf 91' lang='lat' dir='ltr'>an</span> <span class='ocrx_word' id='word_1_120' title='bbox 967 1645 1040 1726; x_wconf 89' lang='lat' dir='ltr'>jure</span> <span class='ocrx_word' id='word_1_121' title='bbox 1064 1643 1216 1706; x_wconf 90' lang='lat' dir='ltr'>dubitatio</span> <span class='ocrx_word' id='word_1_122' title='bbox 1246 1652 1375 1732; x_wconf 88' lang='lat' dir='ltr'>oriatur,</span> 
     </span>
     <span class='ocr_line' id='line_1_16' title="bbox 233 1741 1375 1834; baseline 0.01 -26"><span class='ocrx_word' id='word_1_123' title='bbox 233 1767 273 1809; x_wconf 91' lang='lat' dir='ltr'>an</span> <span class='ocrx_word' id='word_1_124' title='bbox 291 1751 418 1811; x_wconf 91' lang='lat' dir='ltr'>omnino</span> <span class='ocrx_word' id='word_1_125' title='bbox 437 1756 509 1829; x_wconf 87' lang='lat' dir='ltr'>apta</span> <span class='ocrx_word' id='word_1_126' title='bbox 527 1766 590 1808; x_wconf 91' lang='lat' dir='ltr'>uon</span> <span class='ocrx_word' id='word_1_127' title='bbox 608 1747 656 1808; x_wconf 90' lang='lat' dir='ltr'>sit.</span> <span class='ocrx_word' id='word_1_128' title='bbox 701 1743 793 1808; x_wconf 87' lang='lat' dir='ltr'>Certe</span> <span class='ocrx_word' id='word_1_129' title='bbox 811 1763 906 1824; x_wconf 89' lang='lat' dir='ltr'>quum</span> <span class='ocrx_word' id='word_1_130' title='bbox 922 1745 1029 1826; x_wconf 92' lang='lat' dir='ltr'>paullo</span> <span class='ocrx_word' id='word_1_131' title='bbox 1046 1753 1120 1827; x_wconf 94' lang='lat' dir='ltr'>post</span> <span class='ocrx_word' id='word_1_132' title='bbox 1134 1741 1217 1812; x_wconf 80' lang='lat' dir='ltr'>o&#39;ocei</span> <span class='ocrx_word' id='word_1_133' title='bbox 1235 1746 1375 1834; x_wconf 76' lang='grc' dir='ltr'><strong><em>ἄβρωτα</em></strong></span> 
     </span>
     <span class='ocr_line' id='line_1_17' title="bbox 233 1843 1376 1938; baseline 0.004 -23"><span class='ocrx_word' id='word_1_134' title='bbox 233 1858 533 1926; x_wconf 84' lang='lat' dir='ltr'>commemorentur,</span> <span class='ocrx_word' id='word_1_135' title='bbox 567 1844 661 1931; x_wconf 72' lang='lat' dir='ltr'>lapda</span> <span class='ocrx_word' id='word_1_136' title='bbox 692 1856 797 1910; x_wconf 89' lang='lat' dir='ltr'>autem</span> <span class='ocrx_word' id='word_1_137' title='bbox 826 1843 949 1913; x_wconf 80' lang='grc' dir='ltr'><strong><em>ὀοκοῠκ</em></strong></span> <span class='ocrx_word' id='word_1_138' title='bbox 980 1855 1011 1909; x_wconf 87' lang='lat' dir='ltr'>et</span> <span class='ocrx_word' id='word_1_139' title='bbox 1039 1849 1140 1930; x_wconf 90' lang='lat' dir='ltr'>ipsum</span> <span class='ocrx_word' id='word_1_140' title='bbox 1170 1850 1210 1914; x_wconf 90' lang='lat' dir='ltr'>sit</span> <span class='ocrx_word' id='word_1_141' title='bbox 1239 1843 1376 1938; x_wconf 78' lang='grc' dir='ltr'><strong><em>ὀστοῦν,</em></strong></span> 
     </span>
     <span class='ocr_line' id='line_1_18' title="bbox 233 1949 1374 2034; baseline 0.003 -16"><span class='ocrx_word' id='word_1_142' title='bbox 233 1973 353 2018; x_wconf 88' lang='lat' dir='ltr'>sacrum</span> <span class='ocrx_word' id='word_1_143' title='bbox 373 1973 408 2016; x_wconf 90' lang='lat' dir='ltr'>os</span> <span class='ocrx_word' id='word_1_144' title='bbox 424 1953 567 2034; x_wconf 87' lang='lat' dir='ltr'>speciose</span> <span class='ocrx_word' id='word_1_145' title='bbox 582 1950 823 2032; x_wconf 84' lang='lat' dir='ltr'>aliquisdixerit</span> <span class='ocrx_word' id='word_1_146' title='bbox 835 1950 935 2012; x_wconf 90' lang='lat' dir='ltr'>minus</span> <span class='ocrx_word' id='word_1_147' title='bbox 950 1958 1023 2032; x_wconf 90' lang='lat' dir='ltr'>apte</span> <span class='ocrx_word' id='word_1_148' title='bbox 1038 1949 1101 2014; x_wconf 90' lang='lat' dir='ltr'>boc</span> <span class='ocrx_word' id='word_1_149' title='bbox 1116 1952 1187 2013; x_wconf 91' lang='lat' dir='ltr'>loco</span> <span class='ocrx_word' id='word_1_150' title='bbox 1204 1961 1374 2021; x_wconf 73' lang='lat' dir='ltr'>recenseri.</span> 
     </span>
     <span class='ocr_line' id='line_1_19' title="bbox 232 2053 1373 2141; baseline 0.005 -24"><span class='ocrx_word' id='word_1_151' title='bbox 232 2058 300 2116; x_wconf 85' lang='lat' dir='ltr'>Hoc</span> <span class='ocrx_word' id='word_1_152' title='bbox 329 2060 447 2116; x_wconf 88' lang='lat' dir='ltr'>certum</span> <span class='ocrx_word' id='word_1_153' title='bbox 477 2061 539 2127; x_wconf 89' lang='lat' dir='ltr'>est,</span> <span class='ocrx_word' id='word_1_154' title='bbox 575 2061 698 2114; x_wconf 77' lang='lat' dir='ltr'>exstare</span> <span class='ocrx_word' id='word_1_155' title='bbox 728 2053 821 2113; x_wconf 88' lang='lat' dir='ltr'>etiam</span> <span class='ocrx_word' id='word_1_156' title='bbox 851 2053 980 2114; x_wconf 89' lang='lat' dir='ltr'>alteram</span> <span class='ocrx_word' id='word_1_157' title='bbox 1009 2056 1178 2130; x_wconf 90' lang='lat' dir='ltr'>rationem,</span> <span class='ocrx_word' id='word_1_158' title='bbox 1213 2069 1275 2138; x_wconf 84' lang='lat' dir='ltr'>qua</span> <span class='ocrx_word' id='word_1_159' title='bbox 1305 2065 1373 2141; x_wconf 90' lang='lat' dir='ltr'>quis</span> 
     </span>
     <span class='ocr_line' id='line_1_20' title="bbox 231 2154 1438 2243; baseline 0 -27"><span class='ocrx_word' id='word_1_160' title='bbox 231 2157 284 2216; x_wconf 87' lang='lat' dir='ltr'>illa</span> <span class='ocrx_word' id='word_1_161' title='bbox 305 2157 404 2216; x_wconf 87' lang='lat' dir='ltr'>verba</span> <span class='ocrx_word' id='word_1_162' title='bbox 427 2155 583 2235; x_wconf 84' lang='lat' dir='ltr'>explicare</span> <span class='ocrx_word' id='word_1_163' title='bbox 604 2154 704 2233; x_wconf 88' lang='lat' dir='ltr'>possit</span> <span class='ocrx_word' id='word_1_164' title='bbox 725 2155 899 2234; x_wconf 86' lang='lat' dir='ltr'>aptissime,</span> <span class='ocrx_word' id='word_1_165' title='bbox 932 2173 1063 2236; x_wconf 80' lang='lat' dir='ltr'>eamque</span> <span class='ocrx_word' id='word_1_166' title='bbox 1086 2158 1246 2241; x_wconf 77' lang='lat' dir='ltr'>analogia,</span> <span class='ocrx_word' id='word_1_167' title='bbox 1279 2183 1374 2243; x_wconf 84' lang='lat' dir='ltr'>quam</span> <span class='ocrx_word' id='word_1_168' title='bbox 1437 2173 1438 2216; x_wconf 63' lang='grc'><strong>1</strong></span> 
     </span>
     <span class='ocr_line' id='line_1_21' title="bbox 232 2255 1438 2345; baseline 0.008 -27"><span class='ocrx_word' id='word_1_169' title='bbox 232 2258 309 2318; x_wconf 89' lang='lat' dir='ltr'>alius</span> <span class='ocrx_word' id='word_1_170' title='bbox 333 2255 456 2338; x_wconf 91' lang='lat' dir='ltr'>quidam</span> <span class='ocrx_word' id='word_1_171' title='bbox 480 2257 566 2317; x_wconf 87' lang='lat' dir='ltr'>locus</span> <span class='ocrx_word' id='word_1_172' title='bbox 594 2257 703 2318; x_wconf 90' lang='lat' dir='ltr'>comici</span> <span class='ocrx_word' id='word_1_173' title='bbox 729 2263 845 2338; x_wconf 88' lang='lat' dir='ltr'>poetae</span> <span class='ocrx_word' id='word_1_174' title='bbox 868 2259 934 2341; x_wconf 80' lang='lat' dir='ltr'>jam</span> <span class='ocrx_word' id='word_1_175' title='bbox 957 2258 1080 2340; x_wconf 89' lang='lat' dir='ltr'>pridem</span> <span class='ocrx_word' id='word_1_176' title='bbox 1102 2261 1133 2322; x_wconf 89' lang='lat' dir='ltr'>iu</span> <span class='ocrx_word' id='word_1_177' title='bbox 1156 2267 1373 2345; x_wconf 85' lang='lat' dir='ltr'>comparatio·</span> <span class='ocrx_word' id='word_1_178' title='bbox 1437 2293 1438 2304; x_wconf 34' lang='grc' dir='ltr'><strong><em>ο</em></strong></span> 
     </span>
     <span class='ocr_line' id='line_1_22' title="bbox 232 2359 1373 2440; baseline 0.011 -19"><span class='ocrx_word' id='word_1_179' title='bbox 232 2379 304 2421; x_wconf 88' lang='lat' dir='ltr'>nem</span> <span class='ocrx_word' id='word_1_180' title='bbox 337 2367 464 2424; x_wconf 88' lang='lat' dir='ltr'>vocatus</span> <span class='ocrx_word' id='word_1_181' title='bbox 494 2360 645 2440; x_wconf 89' lang='lat' dir='ltr'>praebet,</span> <span class='ocrx_word' id='word_1_182' title='bbox 685 2359 859 2424; x_wconf 89' lang='lat' dir='ltr'>admodum</span> <span class='ocrx_word' id='word_1_183' title='bbox 884 2363 1142 2426; x_wconf 89' lang='lat' dir='ltr'>commendatam.</span> <span class='ocrx_word' id='word_1_184' title='bbox 1193 2365 1228 2426; x_wconf 92' lang='lat' dir='ltr'>ln</span> <span class='ocrx_word' id='word_1_185' title='bbox 1259 2368 1373 2432; x_wconf 86' lang='lat' dir='ltr'>Eubuli</span> 
     </span>
     <span class='ocr_line' id='line_1_23' title="bbox 233 2462 1374 2545; baseline 0.011 -21"><span class='ocrx_word' id='word_1_186' title='bbox 233 2463 315 2524; x_wconf 90' lang='lat' dir='ltr'>enim</span> <span class='ocrx_word' id='word_1_187' title='bbox 335 2464 525 2545; x_wconf 76' lang='lat' dir='ltr'>fragmento,</span> <span class='ocrx_word' id='word_1_188' title='bbox 549 2463 635 2544; x_wconf 92' lang='lat' dir='ltr'>qnod</span> <span class='ocrx_word' id='word_1_189' title='bbox 653 2462 762 2524; x_wconf 88' lang='lat' dir='ltr'>itidem</span> <span class='ocrx_word' id='word_1_190' title='bbox 779 2482 798 2524; x_wconf 95' lang='lat' dir='ltr'>a</span> <span class='ocrx_word' id='word_1_191' title='bbox 814 2463 973 2526; x_wconf 85' lang='lat' dir='ltr'>Clemente</span> <span class='ocrx_word' id='word_1_192' title='bbox 995 2467 1015 2526; x_wconf 89' lang='lat'>1.</span> <span class='ocrx_word' id='word_1_193' title='bbox 1032 2486 1057 2527; x_wconf 91' lang='grc' dir='ltr'>ο.</span> <span class='ocrx_word' id='word_1_194' title='bbox 1078 2469 1248 2530; x_wconf 84' lang='lat' dir='ltr'>exhibitum</span> <span class='ocrx_word' id='word_1_195' title='bbox 1271 2479 1320 2534; x_wconf 92' lang='lat' dir='ltr'>est</span> <span class='ocrx_word' id='word_1_196' title='bbox 1343 2484 1374 2537; x_wconf 86' lang='lat' dir='ltr'>ot</span> 
     </span>
     <span class='ocr_line' id='line_1_24' title="bbox 232 2566 1372 2653; baseline 0.012 -27"><span class='ocrx_word' id='word_1_197' title='bbox 232 2584 313 2627; x_wconf 91' lang='lat' dir='ltr'>nuno</span> <span class='ocrx_word' id='word_1_198' title='bbox 336 2585 354 2625; x_wconf 97' lang='lat' dir='ltr'>a</span> <span class='ocrx_word' id='word_1_199' title='bbox 372 2566 529 2627; x_wconf 85' lang='lat' dir='ltr'>Meinelrio</span> <span class='ocrx_word' id='word_1_200' title='bbox 551 2571 822 2645; x_wconf 87' lang='lat' dir='ltr'>repraesentatum</span> <span class='ocrx_word' id='word_1_201' title='bbox 837 2566 959 2647; x_wconf 79' lang='lat' dir='ltr'>Fragm.</span> <span class='ocrx_word' id='word_1_202' title='bbox 974 2566 1089 2632; x_wconf 85' lang='lat' dir='ltr'>Comio.</span> <span class='ocrx_word' id='word_1_203' title='bbox 1107 2571 1216 2634; x_wconf 90' lang='lat' dir='ltr'>Graec.</span> <span class='ocrx_word' id='word_1_204' title='bbox 1238 2576 1308 2638; x_wconf 86' lang='lat' dir='ltr'>Vol.</span> <span class='ocrx_word' id='word_1_205' title='bbox 1320 2579 1372 2653; x_wconf 85' lang='lat'>111,</span> 
     </span>
     <span class='ocr_line' id='line_1_25' title="bbox 233 2663 1438 2750; baseline 0.007 -22"><span class='ocrx_word' id='word_1_206' title='bbox 233 2667 357 2748; x_wconf 84' lang='lat' dir='ltr'>p.··270,</span> <span class='ocrx_word' id='word_1_207' title='bbox 385 2669 466 2729; x_wconf 90' lang='lat' dir='ltr'>baec</span> <span class='ocrx_word' id='word_1_208' title='bbox 487 2668 649 2750; x_wconf 81' lang='lat' dir='ltr'>leguntur:</span> <span class='ocrx_word' id='word_1_209' title='bbox 1437 2663 1438 2736; x_wconf 79' lang='lat' dir='ltr'>i</span> 
     </span>
    </p>

    <p class='ocr_par' dir='ltr' id='par_1_7' title="bbox 345 2762 1200 2861">
     <span class='ocr_line' id='line_1_26' title="bbox 345 2762 1200 2861; baseline 0.006 -26"><span class='ocrx_word' id='word_1_210' title='bbox 345 2762 458 2842; x_wconf 74' lang='lat' dir='ltr'>adroic</span> <span class='ocrx_word' id='word_1_211' title='bbox 483 2769 519 2836; x_wconf 75' lang='lat' dir='ltr'>di</span> <span class='ocrx_word' id='word_1_212' title='bbox 546 2781 617 2841; x_wconf 77' lang='grc' dir='ltr'><strong><em>τοῖς</em></strong></span> <span class='ocrx_word' id='word_1_213' title='bbox 643 2775 754 2834; x_wconf 59' lang='lat' dir='ltr'>&amp;color</span> <span class='ocrx_word' id='word_1_214' title='bbox 779 2762 855 2852; x_wconf 78' lang='grc' dir='ltr'><strong><em>κήκ</em></strong></span> <span class='ocrx_word' id='word_1_215' title='bbox 884 2771 1032 2854; x_wconf 71' lang='grc' dir='ltr'><strong><em>κέρκον</em></strong></span> <span class='ocrx_word' id='word_1_216' title='bbox 1059 2767 1200 2861; x_wconf 67' lang='lat' dir='ltr'>prinae</span> 
     </span>
    </p>

    <p class='ocr_par' dir='ltr' id='par_1_8' title="bbox 229 2865 1438 3461">
     <span class='ocr_line' id='line_1_27' title="bbox 345 2865 1438 2954; baseline 0 -20"><span class='ocrx_word' id='word_1_217' title='bbox 345 2871 402 2937; x_wconf 81' lang='lat' dir='ltr'>aci·</span> <span class='ocrx_word' id='word_1_218' title='bbox 425 2865 536 2954; x_wconf 72' lang='grc' dir='ltr'><strong><em>μηρὸν</em></strong></span> <span class='ocrx_word' id='word_1_219' title='bbox 562 2865 671 2952; x_wconf 76' lang='grc' dir='ltr'><strong><em>ὥςπερ</em></strong></span> <span class='ocrx_word' id='word_1_220' title='bbox 701 2867 936 2954; x_wconf 77' lang='grc' dir='ltr'><strong><em>παιδοροιοκοῖς</em></strong></span> <span class='ocrx_word' id='word_1_221' title='bbox 961 2872 1082 2953; x_wconf 73' lang='grc' dir='ltr'><strong><em>θύετε,</em></strong></span> <span class='ocrx_word' id='word_1_222' title='bbox 1437 2865 1438 2934; x_wconf 82' lang='lat' dir='ltr'>l</span> 
     </span>
     <span class='ocr_line' id='line_1_28' title="bbox 230 2971 1378 3066; baseline 0.01 -30"><span class='ocrx_word' id='word_1_223' title='bbox 230 2971 402 3036; x_wconf 85' lang='lat' dir='ltr'>secuudum</span> <span class='ocrx_word' id='word_1_224' title='bbox 419 2992 499 3054; x_wconf 87' lang='lat' dir='ltr'>qnae</span> <span class='ocrx_word' id='word_1_225' title='bbox 517 2973 616 3035; x_wconf 89' lang='lat' dir='ltr'>verba</span> <span class='ocrx_word' id='word_1_226' title='bbox 634 2992 694 3055; x_wconf 76' lang='lat' dir='ltr'>ego</span> <span class='ocrx_word' id='word_1_227' title='bbox 713 2992 838 3049; x_wconf 88' lang='lat' dir='ltr'>censeo,</span> <span class='ocrx_word' id='word_1_228' title='bbox 861 2975 934 3038; x_wconf 94' lang='lat' dir='ltr'>loco</span> <span class='ocrx_word' id='word_1_229' title='bbox 949 2977 1113 3040; x_wconf 84' lang='lat' dir='ltr'>Menandri</span> <span class='ocrx_word' id='word_1_230' title='bbox 1134 2975 1242 3060; x_wconf 77' lang='grc' dir='ltr'><strong><em>ὀσφύν</em></strong></span> <span class='ocrx_word' id='word_1_231' title='bbox 1264 2978 1378 3066; x_wconf 78' lang='grc' dir='ltr'><strong><em>ἄκραν</em></strong></span> 
     </span>
     <span class='ocr_line' id='line_1_29' title="bbox 229 3077 1377 3164; baseline 0.007 -23"><span class='ocrx_word' id='word_1_232' title='bbox 229 3077 307 3141; x_wconf 89' lang='lat' dir='ltr'>nihil</span> <span class='ocrx_word' id='word_1_233' title='bbox 330 3097 400 3141; x_wconf 89' lang='lat' dir='ltr'>esse</span> <span class='ocrx_word' id='word_1_234' title='bbox 422 3077 480 3140; x_wconf 92' lang='lat' dir='ltr'>nisi</span> <span class='ocrx_word' id='word_1_235' title='bbox 503 3078 670 3158; x_wconf 80' lang='grc' dir='ltr'><strong><em>κέρκον,</em></strong></span> <span class='ocrx_word' id='word_1_236' title='bbox 692 3084 801 3139; x_wconf 68' lang='lat' dir='ltr'>conda</span> <span class='ocrx_word' id='word_1_237' title='bbox 824 3096 917 3158; x_wconf 87' lang='lat' dir='ltr'>quam</span> <span class='ocrx_word' id='word_1_238' title='bbox 938 3081 1083 3156; x_wconf 89' lang='lat' dir='ltr'>Vossius,</span> <span class='ocrx_word' id='word_1_239' title='bbox 1106 3082 1158 3162; x_wconf 89' lang='lat' dir='ltr'>qni</span> <span class='ocrx_word' id='word_1_240' title='bbox 1180 3082 1200 3143; x_wconf 90' lang='lat' dir='ltr'>l.</span> <span class='ocrx_word' id='word_1_241' title='bbox 1217 3104 1242 3144; x_wconf 90' lang='lat' dir='ltr'>c.</span> <span class='ocrx_word' id='word_1_242' title='bbox 1264 3105 1296 3164; x_wconf 89' lang='lat' dir='ltr'>p.</span> <span class='ocrx_word' id='word_1_243' title='bbox 1308 3086 1377 3150; x_wconf 84' lang='grc'>373</span> 
     </span>
     <span class='ocr_line' id='line_1_30' title="bbox 230 3178 1379 3264; baseline 0.003 -19"><span class='ocrx_word' id='word_1_244' title='bbox 230 3202 309 3242; x_wconf 76' lang='lat' dir='ltr'>voce</span> <span class='ocrx_word' id='word_1_245' title='bbox 340 3181 456 3263; x_wconf 79' lang='grc' dir='ltr'><strong><em>κέρκον</em></strong></span> <span class='ocrx_word' id='word_1_246' title='bbox 486 3181 606 3261; x_wconf 85' lang='lat' dir='ltr'>spinam</span> <span class='ocrx_word' id='word_1_247' title='bbox 643 3178 708 3239; x_wconf 90' lang='lat' dir='ltr'>sive</span> <span class='ocrx_word' id='word_1_248' title='bbox 740 3198 776 3240; x_wconf 92' lang='lat' dir='ltr'>os</span> <span class='ocrx_word' id='word_1_249' title='bbox 812 3199 936 3244; x_wconf 88' lang='lat' dir='ltr'>sacrum</span> <span class='ocrx_word' id='word_1_250' title='bbox 972 3181 1139 3264; x_wconf 73' lang='lat' dir='ltr'>significari</span> <span class='ocrx_word' id='word_1_251' title='bbox 1176 3183 1379 3262; x_wconf 83' lang='lat' dir='ltr'>opinabatur.</span> 
     </span>
     <span class='ocr_line' id='line_1_31' title="bbox 229 3279 1381 3366; baseline 0.01 -27"><span class='ocrx_word' id='word_1_252' title='bbox 229 3281 327 3352; x_wconf 82' lang='lat' dir='ltr'>erod</span> <span class='ocrx_word' id='word_1_253' title='bbox 349 3282 505 3342; x_wconf 79' lang='lat' dir='ltr'>siveram</span> <span class='ocrx_word' id='word_1_254' title='bbox 528 3291 588 3357; x_wconf 91' lang='lat' dir='ltr'>est,</span> <span class='ocrx_word' id='word_1_255' title='bbox 611 3301 675 3344; x_wconf 90' lang='lat' dir='ltr'>uon</span> <span class='ocrx_word' id='word_1_256' title='bbox 698 3303 776 3362; x_wconf 89' lang='lat' dir='ltr'>opus</span> <span class='ocrx_word' id='word_1_257' title='bbox 799 3285 859 3358; x_wconf 77' lang='lat' dir='ltr'>erit</span> <span class='ocrx_word' id='word_1_258' title='bbox 880 3291 1033 3355; x_wconf 85' lang='lat' dir='ltr'>statuere,</span> <span class='ocrx_word' id='word_1_259' title='bbox 1057 3303 1167 3345; x_wconf 81' lang='lat' dir='ltr'>vocem</span> <span class='ocrx_word' id='word_1_260' title='bbox 1183 3279 1295 3358; x_wconf 76' lang='grc' dir='ltr'><em>ὀσφύν</em></span> <span class='ocrx_word' id='word_1_261' title='bbox 1314 3307 1381 3366; x_wconf 87' lang='lat' dir='ltr'>por</span> 
     </span>
     <span class='ocr_line' id='line_1_32' title="bbox 229 3381 1381 3461; baseline 0.004 -19"><span class='ocrx_word' id='word_1_262' title='bbox 229 3399 266 3442; x_wconf 87' lang='lat' dir='ltr'>sc</span> <span class='ocrx_word' id='word_1_263' title='bbox 288 3381 387 3442; x_wconf 93' lang='lat' dir='ltr'>solam</span> <span class='ocrx_word' id='word_1_264' title='bbox 409 3382 582 3442; x_wconf 88' lang='lat' dir='ltr'>Menandro</span> <span class='ocrx_word' id='word_1_265' title='bbox 611 3384 695 3442; x_wconf 90' lang='lat' dir='ltr'>aliud</span> <span class='ocrx_word' id='word_1_266' title='bbox 726 3385 801 3460; x_wconf 91' lang='lat' dir='ltr'>quid</span> <span class='ocrx_word' id='word_1_267' title='bbox 826 3385 922 3444; x_wconf 80' lang='lat' dir='ltr'>luisse</span> <span class='ocrx_word' id='word_1_268' title='bbox 949 3402 1042 3461; x_wconf 88' lang='lat' dir='ltr'>qnam</span> <span class='ocrx_word' id='word_1_269' title='bbox 1067 3381 1159 3440; x_wconf 83' lang='lat' dir='ltr'>dorsi</span> <span class='ocrx_word' id='word_1_270' title='bbox 1183 3386 1381 3453; x_wconf 68' lang='lat' dir='ltr'>extremam</span> 
     </span>
    </p>
   </div>
   <div class='ocr_carea' id='block_1_7' title="bbox 229 3482 1381 4288">
    <p class='ocr_par' dir='ltr' id='par_1_9' title="bbox 229 3482 1381 4288">
     <span class='ocr_line' id='line_1_33' title="bbox 229 3482 1380 3569; baseline 0.009 -25"><span class='ocrx_word' id='word_1_271' title='bbox 229 3491 358 3569; x_wconf 78' lang='lat' dir='ltr'>portem</span> <span class='ocrx_word' id='word_1_272' title='bbox 385 3490 417 3544; x_wconf 86' lang='lat' dir='ltr'>et</span> <span class='ocrx_word' id='word_1_273' title='bbox 444 3489 548 3542; x_wconf 82' lang='lat' dir='ltr'>nates.</span> <span class='ocrx_word' id='word_1_274' title='bbox 599 3485 645 3542; x_wconf 85' lang='lat' dir='ltr'>Ex</span> <span class='ocrx_word' id='word_1_275' title='bbox 672 3484 708 3542; x_wconf 90' lang='lat' dir='ltr'>iis</span> <span class='ocrx_word' id='word_1_276' title='bbox 734 3484 827 3559; x_wconf 90' lang='lat' dir='ltr'>locis,</span> <span class='ocrx_word' id='word_1_277' title='bbox 856 3485 889 3547; x_wconf 91' lang='lat' dir='ltr'>in</span> <span class='ocrx_word' id='word_1_278' title='bbox 911 3504 990 3566; x_wconf 77' lang='lat' dir='ltr'>quos</span> <span class='ocrx_word' id='word_1_279' title='bbox 1018 3483 1120 3545; x_wconf 86' lang='lat' dir='ltr'>adhuc</span> <span class='ocrx_word' id='word_1_280' title='bbox 1147 3482 1380 3568; x_wconf 77' lang='lat' dir='ltr'>inquisivimus,</span> 
     </span>
     <span class='ocr_line' id='line_1_34' title="bbox 231 3580 1381 3671; baseline -0.001 -21"><span class='ocrx_word' id='word_1_281' title='bbox 231 3593 378 3670; x_wconf 88' lang='lat' dir='ltr'>apparet,</span> <span class='ocrx_word' id='word_1_282' title='bbox 409 3584 471 3646; x_wconf 91' lang='lat' dir='ltr'>vim</span> <span class='ocrx_word' id='word_1_283' title='bbox 494 3590 526 3645; x_wconf 92' lang='lat' dir='ltr'>et</span> <span class='ocrx_word' id='word_1_284' title='bbox 548 3605 637 3648; x_wconf 89' lang='lat' dir='ltr'>asum</span> <span class='ocrx_word' id='word_1_285' title='bbox 658 3586 803 3648; x_wconf 88' lang='lat' dir='ltr'>vocabuli</span> <span class='ocrx_word' id='word_1_286' title='bbox 825 3580 931 3671; x_wconf 76' lang='grc' dir='ltr'><strong><em>ὀσφύς</em></strong></span> <span class='ocrx_word' id='word_1_287' title='bbox 952 3587 1040 3651; x_wconf 85' lang='lat' dir='ltr'>vario</span> <span class='ocrx_word' id='word_1_288' title='bbox 1063 3587 1159 3650; x_wconf 90' lang='lat' dir='ltr'>modo</span> <span class='ocrx_word' id='word_1_289' title='bbox 1181 3585 1310 3665; x_wconf 89' lang='lat' dir='ltr'>inflecti,</span> <span class='ocrx_word' id='word_1_290' title='bbox 1344 3605 1381 3656; x_wconf 81' lang='lat' dir='ltr'>ut</span> 
     </span>
     <span class='ocr_line' id='line_1_35' title="bbox 230 3685 1377 3774; baseline 0.005 -25"><span class='ocrx_word' id='word_1_291' title='bbox 230 3689 396 3770; x_wconf 89' lang='lat' dir='ltr'>plurimum</span> <span class='ocrx_word' id='word_1_292' title='bbox 414 3693 518 3750; x_wconf 87' lang='lat' dir='ltr'>tamen</span> <span class='ocrx_word' id='word_1_293' title='bbox 541 3688 573 3750; x_wconf 93' lang='lat' dir='ltr'>id</span> <span class='ocrx_word' id='word_1_294' title='bbox 593 3709 663 3751; x_wconf 82' lang='lat' dir='ltr'>noa</span> <span class='ocrx_word' id='word_1_295' title='bbox 684 3685 755 3752; x_wconf 84' lang='lat' dir='ltr'>sola</span> <span class='ocrx_word' id='word_1_296' title='bbox 776 3708 851 3753; x_wconf 84' lang='lat' dir='ltr'>ossa</span> <span class='ocrx_word' id='word_1_297' title='bbox 866 3690 1059 3774; x_wconf 81' lang='lat' dir='ltr'>significare,</span> <span class='ocrx_word' id='word_1_298' title='bbox 1081 3689 1138 3750; x_wconf 88' lang='lat' dir='ltr'>sed</span> <span class='ocrx_word' id='word_1_299' title='bbox 1154 3685 1257 3750; x_wconf 83' lang='lat' dir='ltr'>simul</span> <span class='ocrx_word' id='word_1_300' title='bbox 1269 3691 1377 3756; x_wconf 80' lang='lat' dir='ltr'>etiem</span> 
     </span>
     <span class='ocr_line' id='line_1_36' title="bbox 232 3788 1374 3874; baseline 0.005 -24"><span class='ocrx_word' id='word_1_301' title='bbox 232 3788 419 3874; x_wconf 63' lang='lat' dir='ltr'>arlp&#39;aceatcs</span> <span class='ocrx_word' id='word_1_302' title='bbox 442 3811 569 3854; x_wconf 80' lang='lat' dir='ltr'>carnes.</span> <span class='ocrx_word' id='word_1_303' title='bbox 619 3794 770 3874; x_wconf 82' lang='lat' dir='ltr'>Appositc</span> <span class='ocrx_word' id='word_1_304' title='bbox 793 3795 952 3857; x_wconf 86' lang='lat' dir='ltr'>Weiskius</span> <span class='ocrx_word' id='word_1_305' title='bbox 974 3793 994 3852; x_wconf 89' lang='lat'>1.</span> <span class='ocrx_word' id='word_1_306' title='bbox 1013 3811 1039 3852; x_wconf 90' lang='lat' dir='ltr'>c.</span> <span class='ocrx_word' id='word_1_307' title='bbox 1061 3810 1092 3870; x_wconf 90' lang='lat' dir='ltr'>p.</span> <span class='ocrx_word' id='word_1_308' title='bbox 1108 3789 1171 3851; x_wconf 80' lang='lat'>245</span> <span class='ocrx_word' id='word_1_309' title='bbox 1195 3790 1234 3852; x_wconf 86' lang='lat' dir='ltr'>do</span> <span class='ocrx_word' id='word_1_310' title='bbox 1257 3811 1374 3856; x_wconf 86' lang='lat' dir='ltr'>sacro—</span> 
     </span>
     <span class='ocr_line' id='line_1_37' title="bbox 231 3891 1374 3978; baseline 0.007 -26"><span class='ocrx_word' id='word_1_311' title='bbox 231 3909 299 3952; x_wconf 92' lang='lat' dir='ltr'>rum</span> <span class='ocrx_word' id='word_1_312' title='bbox 321 3891 398 3964; x_wconf 89' lang='lat' dir='ltr'>ritu,</span> <span class='ocrx_word' id='word_1_313' title='bbox 420 3893 520 3971; x_wconf 86' lang='lat' dir='ltr'>qualis</span> <span class='ocrx_word' id='word_1_314' title='bbox 544 3895 736 3975; x_wconf 89' lang='lat' dir='ltr'>temporibus</span> <span class='ocrx_word' id='word_1_315' title='bbox 758 3894 888 3956; x_wconf 89' lang='lat' dir='ltr'>Homeri</span> <span class='ocrx_word' id='word_1_316' title='bbox 910 3893 1019 3967; x_wconf 84' lang='lat' dir='ltr'>inerit,</span> <span class='ocrx_word' id='word_1_317' title='bbox 1042 3892 1135 3954; x_wconf 90' lang='lat' dir='ltr'>etiam</span> <span class='ocrx_word' id='word_1_318' title='bbox 1157 3903 1269 3976; x_wconf 89' lang='lat' dir='ltr'>postea</span> <span class='ocrx_word' id='word_1_319' title='bbox 1291 3917 1374 3978; x_wconf 85' lang='lat' dir='ltr'>par-</span> 
     </span>
     <span class='ocr_line' id='line_1_38' title="bbox 231 3992 1374 4078; baseline 0.007 -24"><span class='ocrx_word' id='word_1_320' title='bbox 231 3993 361 4063; x_wconf 81' lang='lat' dir='ltr'>duraute</span> <span class='ocrx_word' id='word_1_321' title='bbox 384 3992 482 4052; x_wconf 86' lang='lat' dir='ltr'>verba</span> <span class='ocrx_word' id='word_1_322' title='bbox 504 3993 621 4059; x_wconf 85' lang='lat' dir='ltr'>iaciens</span> <span class='ocrx_word' id='word_1_323' title='bbox 646 3997 730 4056; x_wconf 84' lang='lat' dir='ltr'>«Nur</span> <span class='ocrx_word' id='word_1_324' title='bbox 752 3993 849 4068; x_wconf 61' lang='lat' dir='ltr'>tritta</span> <span class='ocrx_word' id='word_1_325' title='bbox 878 3993 935 4070; x_wconf 91' lang='lat' dir='ltr'>ait,</span> <span class='ocrx_word' id='word_1_326' title='bbox 966 3995 1086 4078; x_wconf 77' lang='lat' dir='ltr'>«einige</span> <span class='ocrx_word' id='word_1_327' title='bbox 1108 3997 1298 4062; x_wconf 79' lang='lat' dir='ltr'>Dunlralbeit</span> <span class='ocrx_word' id='word_1_328' title='bbox 1320 4003 1374 4064; x_wconf 88' lang='lat' dir='ltr'>ein</span> 
     </span>
     <span class='ocr_line' id='line_1_39' title="bbox 231 4094 1373 4186; baseline 0.008 -29"><span class='ocrx_word' id='word_1_329' title='bbox 231 4113 341 4176; x_wconf 75' lang='lat' dir='ltr'>wegcn</span> <span class='ocrx_word' id='word_1_330' title='bbox 363 4094 420 4156; x_wconf 89' lang='lat' dir='ltr'>der</span> <span class='ocrx_word' id='word_1_331' title='bbox 441 4094 722 4158; x_wconf 86' lang='lat' dir='ltr'>Versohiodenheit</span> <span class='ocrx_word' id='word_1_332' title='bbox 744 4096 830 4158; x_wconf 87' lang='lat' dir='ltr'>eines</span> <span class='ocrx_word' id='word_1_333' title='bbox 853 4095 1046 4182; x_wconf 70' lang='lat' dir='ltr'>dreifacbea</span> <span class='ocrx_word' id='word_1_334' title='bbox 1063 4102 1373 4186; x_wconf 80' lang='lat' dir='ltr'>Spraobgebraaobs,</span> 
     </span>
     <span class='ocr_line' id='line_1_40' title="bbox 231 4192 1375 4288; baseline 0.007 -26"><span class='ocrx_word' id='word_1_335' title='bbox 231 4195 366 4262; x_wconf 85' lang='lat' dir='ltr'>niimlicb</span> <span class='ocrx_word' id='word_1_336' title='bbox 386 4194 442 4258; x_wconf 84' lang='lat' dir='ltr'>des</span> <span class='ocrx_word' id='word_1_337' title='bbox 464 4194 548 4256; x_wconf 88' lang='lat' dir='ltr'>alten</span> <span class='ocrx_word' id='word_1_338' title='bbox 571 4192 728 4280; x_wconf 76' lang='grc' dir='ltr'><strong><em>Ιιοίὶίροκ,</em></strong></span> <span class='ocrx_word' id='word_1_339' title='bbox 749 4198 804 4260; x_wconf 87' lang='lat' dir='ltr'>des</span> <span class='ocrx_word' id='word_1_340' title='bbox 826 4202 1014 4285; x_wconf 73' lang='lat' dir='ltr'>pemeioea,</span> <span class='ocrx_word' id='word_1_341' title='bbox 1038 4205 1095 4268; x_wconf 88' lang='lat' dir='ltr'>der</span> <span class='ocrx_word' id='word_1_342' title='bbox 1118 4206 1258 4288; x_wconf 81' lang='lat' dir='ltr'>zuglcicb</span> <span class='ocrx_word' id='word_1_343' title='bbox 1282 4208 1375 4270; x_wconf 75' lang='lat' dir='ltr'>mebi</span> 
     </span>
    </p>
   </div>
   <div class='ocr_carea' id='block_1_8' title="bbox 0 0 1460 4672">
    <p class='ocr_par' dir='ltr' id='par_1_10' title="bbox 0 0 1460 4672">
     <span class='ocr_line' id='line_1_41' title="bbox 0 0 1460 4672; baseline 0 1"><span class='ocrx_word' id='word_1_344' title='bbox 0 0 1460 4672; x_wconf 95' lang='lat' dir='ltr'> </span> 
     </span>
    </p>
   </div>
  </div>
 </body>
</html>
