2910 4672
599 165 812 228 ..9-

245 326 306 412 ἐγώ
326 325 362 396 di
385 325 447 414 τήν
468 329 647 415 παροῦσαν
671 323 822 418 ἀντλήσω
842 329 962 424 τύχην,
1166 335 1229 398 375

245 421 311 496 ἔστ’
332 425 377 498 ἂν
399 426 487 508 mie
501 430 660 518 φρόνημα
686 427 820 521 λωφήσῃ
839 433 946 524 ydiota
981 461 984 470 ’

133 529 239 596 Verba
261 551 342 612 quae
369 532 514 616 leguntur
541 534 615 598 inde
639 553 657 594 a
678 535 809 598 vetti
838 535 1002 616 usquead
1023 537 1076 636 Vs.
1092 537 1273 618 ditiquum
1392 612 1397 622 ,

1 689 3 704 ,
132 635 170 698 iu
184 633 271 697 lihris
288 655 379 697 mser.
396 635 443 699 ita
458 635 624 700 distributa
640 637 702 699 sint
717 636 798 699 inter
815 637 978 700 Oceanum
996 646 1028 700 et
1043 639 1273 715 Prometheum,

134 743 246 811 ntea,
277 755 357 818 quae
387 745 459 798 ante
481 738 535 800 Vs.
550 738 613 800 373
635 739 739 818 posita
766 748 853 815 sunt,
881 740 926 802 illi
949 741 1161 824 assignentur,
1190 763 1273 822 quae

133 853 245 926 postca
274 841 448 915 hahentur,
485 840 558 904 huic
585 841 717 918 dentur,
746 841 804 904 uiri
834 840 934 917 docti,
966 842 1018 924 qui
1048 845 1273 907 recentioribus

134 944 326 1026 temporibus
348 945 390 1006 de
411 943 566 1008 hocloco
589 951 734 1027 egerunt,
765 944 797 1006 in
823 943 904 1006 duas.
923 944 1132 1007 discesserunt
1159 957 1273 1028 partes,

134 1064 248 1108 omues
265 1047 335 1109 ilius
357 1063 467 1108 versus
488 1045 679 1108 Prometheo
702 1046 917 1110 continuantes
946 1046 1036 1108 alteri
1061 1047 1141 1110 duce
1167 1050 1273 1112 Elms-
1386 1119 1394 1128 ,

132 1147 212 1230 lein,
243 1146 333 1210 alteri
353 1165 381 1208 -a
402 1154 499 1229 parte
527 1147 671 1213 codicum
697 1154 831 1223 stantes,
861 1147 920 1210 nisi
946 1149 1032 1230 quod
1060 1169 1139 1212 unus
1166 1169 1205 1214 ex
1226 1152 1274 1214 his

132 1285 174 1298 ··—
189 1252 356 1334 Reisigium
377 1253 447 1316 dico
461 1289 504 1300 --
526 1255 675 1316 nonnulla
696 1261 769 1317 ente
790 1256 844 1316 Vs.
866 1254 1144 1318 373=intercidisse
1168 1257 1275 1340 suspi-
1369 1302 1374 1316 ,

134 1363 221 1418 catur
240 1355 493 1418 cohoitationem
516 1355 673 1437 quandam
690 1356 894 1432 continentia,
916 1358 1004 1440 cnjus
1022 1358 1149 1437 quidum
1166 1379 1276 1421 caussa

133 1458 299 1536 protulerit
321 1457 465 1521 Oceanus
486 1458 591 1524 fratris
615 1465 646 1520 et
663 1457 825 1542 Typhonis
848 1458 1001 1539 exempla.
1046 1458 1108 1518 Cir.
1124 1457 1274 1538 imprimis

134 1560 288 1620 Schuetzii
319 1561 578 1634 commentarius,
614 1579 646 1640 p.
664 1561 721 1634 74,
758 1558 984 1639 Toepelmanni
1016 1558 1202 1620 «adnotatio
1234 1559 1274 1619 ad

135 1659 332 1722 tralationem
361 1660 597 1736 vernandum»
630 1680 660 1741 p.
679 1662 720 1725 76
738 1681 815 1740 sq„
833 1659 960 1744 Reisigii
988 1660 1173 1742 disputatio,
1205 1659 1225 1720 l.
1249 1680 1274 1722 c.

134 1783 165 1843 p.
177 1783 237 1824 xsu
246 1783 299 1843 sq.
319 1761 436 1843 publici
454 1763 533 1845 juris
553 1763 652 1840 facta,
680 1762 818 1844 denique
840 1761 999 1824 uberrima
1020 1760 1190 1824 Bellmauni
1214 1780 1276 1823 ex·-

135 1860 266 1946 positio,
302 1864 323 1924 l.
345 1884 371 1926 c.
399 1886 430 1946 p.
448 1865 489 1928 23
511 1885 580 1946 sqq.
635 1865 722 1928 Mihi*
740 1865 855 1927 media.
873 1865 1029 1946 quaedam
1060 1865 1197 1927 ineunda
1225 1866 1275 1928 via

137 1962 268 2029 videtum
315 1963 396 2027 Nam
417 1980 526 2028 versus
547 1967 617 2028 ilios
638 1985 703 2028 non
725 1965 904 2028 Promethei
934 1975 1055 2026 censeo¹
1076 1985 1146 2028 esse
1168 1967 1274 2040 solius,

135 2069 192 2130 sed
215 2067 334 2130 Oceani
356 2077 388 2132 et
409 2068 602 2143 Promethei,
625 2067 829 2150 itaquidem,
852 2075 886 2131 nt
906 2067 980 2130 huic
1001 2079 1066 2130 non
1089 2087 1127 2130 ea
1149 2069 1275 2132 demum

135 2172 232 2236 verba
259 2171 448 2247 tribuantur,
464 2187 560 2262 gquae
589 2170 661 2237 inde
690 2187 710 2234 a
731 2171 785 2234 Vs.
800 2172 863 2234 373
891 2172 1051 2261 leguntur,
1072 2169 1139 2232 ,sed
1163 2170 1190 2233 is
1208 2171 1275 2254 jam

134 2273 207 2336 inde
235 2293 255 2336 a
281 2275 335 2336 Vs.
352 2275 414 2336 367
445 2273 552 2336 veihis
579 2277 681 2340 iudeo
709 2268 953 2358 ἐκραγὴσυνναί
981 2294 1066 2338 nnuc
1095 2290 1275 2334 sermonem
1330 2275 1335 2283 '

134 2376 253 2438 Oceani
274 2375 430 2454 suscipiat.
456 2357 535 2436 ‘Cur
556 2380 661 2437 autem
681 2375 822 2454 priorem
843 2391 991 2436 versuum
1011 2373 1136 2436 illorum
1151 2381 1275 2455 partem

135 2479 254 2540 Oceani
282 2496 352 2542 esse
380 2476 568 2553 existimem,
598 2497 663 2539 non
684 2476 880 2552 Promethei,
911 2476 1139 2558 potissimum
1165 2497 1275 2542 caussa

135 2589 197 2654 cst,
220 2599 314 2672 quam
329 2580 482 2663 Reisigius
500 2582 665 2654 attrdithis
682 2579 806 2643 verbis:
830 2582 903 2657 «Vs,
916 2580 1101 2645 347-372
1122 2601 1187 2643 nou
1203 2591 1274 2644 sunt

134 2681 292 2762 prioribus
313 2681 522 2746 continuanda
548 2689 708 2764 tamquam
728 2682 921 2746 Promethei·
937 2682 1052 2745 verber
1080 2681 1120 2743 ah
1144 2683 1273 2750 Oceano

134 2784 237 2864 potius
258 2783 461 2864 proferuntur
482 2802 522 2845 eo
542 2784 691 2860 consiliu,
720 2792 769 2861 ut,
797 2785 823 2845 si
851 2782 922 2846 fieri
949 2783 1062 2864 possit,
1089 2785 1219 2848 Atlantis
1243 2791 1275 2846 et

134 2885 295 2969 Typhonis
313 2884 636 2967 exemplismitigetur
652 2885 852 2950 inexorabilis
869 2886 974 2962 adhuc
985 2885 1273 2954 Promethei.atro-‚

134 2989 219 3052 citas.
261 2989 456 3050 nocumenta
478 2995 583 3066 autem
603 2989 657 3050 iila
674 2989 819 3070 exempta
840 2997 912 3052 sunt
927 3007 1059 3066 eorum,
1079 3007 1160 3070 quae
1178 2987 1272 3049 dixe-

133 3099 182 3152 rat
197 3089 351 3154 Vss.318.
362 3093 436 3155 319.
479 3092 600 3166 Quodsi
621 3112 691 3153 cnm
708 3091 814 3153 verbis
831 3090 968 3153 Oceani:
990 3096 1132 3158 coruom
1154 3089 1274 3172 potiusne

134 3193 194 3273 τῆς
209 3187 298 3271 ἄγαν
313 3183 487 3273 ὑψηγόρου
502 3187 648 3273 γλώσσης
664 3184 845 3277 τάπίχειρα
862 3191 1072 3276 γίγνεται-
1092 3189 1174 3251 hacc
1192 3209 1273 3250 con-

133 3293 276 3354 feruntur
301 3289 363 3374 (Vs.
378 3290 471 3374 360):
503 3288 540 3364 iic
566 3283 674 3358 αὐτόν
700 3290 854 3373 ἐξέπληξε
879 3292 950 3357 τῶν
971 3283 1158 3374 ’ὑψηγόρων
1183 3313 1272 3374 κομ-

133 3387 335 3476 πασμάτων,
354 3392 488 3457 dubitari
509 3391 632 3471 aequit,
656 3391 730 3472 quin
746 3391 925 3454 Promethei
943 3387 1116 3476 eupropio
1132 3398 1272 3462 notetur:

132 3497 268 3579 quodsi
289 3513 378 3558 scens
401 3503 500 3571 esset,
530 3495 562 3558 in
590 3503 691 3558 semet
718 3496 785 3577 ipse
812 3495 1016 3558 inveheretur
1036 3495 1270 3556 Prometheus.»

130 3601 225 3678 Quod
238 3598 330 3659 enim
351 3597 548 3658 Behmennm
569 3597 756 3671 arbitratur,
787 3597 866 3660 nihil
886 3596 1057 3677 impedire,
1086 3598 1271 3675 «quominus

130 3711 316 3775 statuamus,
339 3698 499 3762 Themidis
520 3696 620 3760 tilium
641 3706 695 3760 aut
715 3695 891 3779 significare
914 3698 1115 3780 Typhoeum,
1136 3698 1199 3778 qui
1213 3700 1270 3760 etsi

130 3805 290 3868 molimine
310 3819 471 3889 nunquam
488 3807 557 3862 rata
578 3799 682 3862 sutura
704 3796 960 3874 comminaretur,
982 3807 1088 3860 tamen
1104 3801 1174 3864 tovi
1194 3809 1270 3863 tan-

130 3915 179 3968 tas
192 3913 256 3966 tam
274 3923 386 3985 mavei
403 3919 523 3984 poenas
540 3901 749 3983 pependerit3.
760 3909 815 3964 aot
832 3903 884 3982 qni
902 3900 1034 3964 dicteria¹
1049 3920 1111 3964 ore
1124 3903 1270 3976 emiserit,

131 4025 213 4086 quae
233 4004 293 4086 ipsi
315 4021 428 4085 perse
449 3998 704 4088 Jovidqnirope
733 4000 977 4088 wicudoprew:
994 4003 1062 4067 visa
1089 4006 1270 4086 gravissime

130 4108 233 4188 puniri
255 4115 368 4190 coepta
388 4114 527 4181 esserum
552 4125 645 4187 quam
667 4105 757 4177 alteri
773 4113 935 4187 praestare
951 4105 1211 4187 putat-rutionmn
1227 4135 1269 4149 --

130 4211 239 4274 duhito
258 4210 528 4273 numinianum
545 4210 598 4285 stt,
610 4211 674 4290 qui
690 4209 749 4292 ipsi
767 4211 966 4279 assentietur.¹
1006 4209 1155 4272 Leuiores
1173 4223 1267 4266 caus-
