<?xml version="1.0" encoding="UTF-8"?>
<!DOCTYPE html PUBLIC "-//W3C//DTD XHTML 1.0 Transitional//EN"
    "http://www.w3.org/TR/xhtml1/DTD/xhtml1-transitional.dtd">
<html xmlns="http://www.w3.org/1999/xhtml" xml:lang="en" lang="en">
 <head>
  <title>
</title>
<meta http-equiv="Content-Type" content="text/html;charset=utf-8" />
  <meta name='ocr-system' content='tesseract 3.04.00' />
  <meta name='ocr-capabilities' content='ocr_page ocr_carea ocr_par ocr_line ocrx_word'/>
</head>
<body>
  <div class='ocr_page' id='page_1' title='image "./adversariainaea01wiesgoog_0028.png"; bbox 0 0 2910 4672; ppageno 0'>
   <div class='ocr_carea' id='block_1_1' title="bbox 596 123 809 184">
    <p class='ocr_par' dir='ltr' id='par_1_1' title="bbox 596 123 809 184">
     <span class='ocr_line' id='line_1_1' title="bbox 596 123 809 184; baseline -0.005 -14"><span class='ocrx_word' id='word_1_1' title='bbox 596 123 809 184; x_wconf 76' lang='lat'>...15-</span> 
     </span>
    </p>
   </div>
   <div class='ocr_carea' id='block_1_2' title="bbox 119 288 1319 1804">
    <p class='ocr_par' dir='ltr' id='par_1_2' title="bbox 127 288 1271 478">
     <span class='ocr_line' id='line_1_2' title="bbox 128 288 1271 374; baseline 0 -22"><span class='ocrx_word' id='word_1_2' title='bbox 128 309 193 372; x_wconf 83' lang='lat' dir='ltr'>quo</span> <span class='ocrx_word' id='word_1_3' title='bbox 215 288 392 371; x_wconf 69' lang='lat' dir='ltr'>posteriore</span> <span class='ocrx_word' id='word_1_4' title='bbox 413 288 486 352; x_wconf 86' lang='lat' dir='ltr'>loeo</span> <span class='ocrx_word' id='word_1_5' title='bbox 509 289 603 355; x_wconf 84' lang='lat' dir='ltr'>otiam</span> <span class='ocrx_word' id='word_1_6' title='bbox 625 290 668 352; x_wconf 88' lang='lat' dir='ltr'>do</span> <span class='ocrx_word' id='word_1_7' title='bbox 689 290 827 365; x_wconf 85' lang='lat' dir='ltr'>rationo,</span> <span class='ocrx_word' id='word_1_8' title='bbox 850 309 912 372; x_wconf 84' lang='lat' dir='ltr'>qua</span> <span class='ocrx_word' id='word_1_9' title='bbox 935 289 1074 374; x_wconf 76' lang='lat' dir='ltr'>genuina</span> <span class='ocrx_word' id='word_1_10' title='bbox 1093 290 1187 353; x_wconf 85' lang='lat' dir='ltr'>lectio</span> <span class='ocrx_word' id='word_1_11' title='bbox 1209 289 1271 352; x_wconf 74' lang='lat' dir='ltr'>do-</span> 
     </span>
     <span class='ocr_line' id='line_1_3' title="bbox 127 394 762 478; baseline 0 -21"><span class='ocrx_word' id='word_1_12' title='bbox 127 399 259 475; x_wconf 77' lang='lat' dir='ltr'>pravnta</span> <span class='ocrx_word' id='word_1_13' title='bbox 280 394 389 470; x_wconf 79' lang='lat' dir='ltr'>luerit,</span> <span class='ocrx_word' id='word_1_14' title='bbox 419 396 601 478; x_wconf 74' lang='lat' dir='ltr'>conjectura</span> <span class='ocrx_word' id='word_1_15' title='bbox 624 396 762 458; x_wconf 72' lang='lat' dir='ltr'>affertur.</span> 
     </span>
    </p>

    <p class='ocr_par' dir='ltr' id='par_1_3' title="bbox 119 496 1319 1804">
     <span class='ocr_line' id='line_1_4' title="bbox 213 496 1269 582; baseline 0.003 -24"><span class='ocrx_word' id='word_1_16' title='bbox 213 496 276 558; x_wconf 86' lang='lat' dir='ltr'>Sed</span> <span class='ocrx_word' id='word_1_17' title='bbox 302 515 407 578; x_wconf 81' lang='lat' dir='ltr'>neque</span> <span class='ocrx_word' id='word_1_18' title='bbox 432 497 523 560; x_wconf 88' lang='lat' dir='ltr'>alteri</span> <span class='ocrx_word' id='word_1_19' title='bbox 549 498 702 563; x_wconf 81' lang='lat' dir='ltr'>commati·</span> <span class='ocrx_word' id='word_1_20' title='bbox 719 502 784 582; x_wconf 85' lang='lat' dir='ltr'>jam</span> <span class='ocrx_word' id='word_1_21' title='bbox 813 500 960 580; x_wconf 82' lang='lat' dir='ltr'>pristinus</span> <span class='ocrx_word' id='word_1_22' title='bbox 982 501 1066 561; x_wconf 91' lang='lat' dir='ltr'>nitor</span> <span class='ocrx_word' id='word_1_23' title='bbox 1086 506 1137 561; x_wconf 81' lang='lat' dir='ltr'>est</span> <span class='ocrx_word' id='word_1_24' title='bbox 1158 499 1269 561; x_wconf 83' lang='lat' dir='ltr'>reddi·</span> 
     </span>
     <span class='ocr_line' id='line_1_5' title="bbox 127 596 1269 688; baseline 0.003 -29"><span class='ocrx_word' id='word_1_25' title='bbox 127 607 185 660; x_wconf 79' lang='lat' dir='ltr'>tur.</span> <span class='ocrx_word' id='word_1_26' title='bbox 228 600 307 662; x_wconf 79' lang='lat' dir='ltr'>llam</span> <span class='ocrx_word' id='word_1_27' title='bbox 330 600 417 680; x_wconf 86' lang='lat' dir='ltr'>quod</span> <span class='ocrx_word' id='word_1_28' title='bbox 437 621 549 666; x_wconf 79' lang='lat' dir='ltr'>vocem</span> <span class='ocrx_word' id='word_1_29' title='bbox 568 596 680 688; x_wconf 71' lang='grc' dir='ltr'><strong><em>βυθός</em></strong></span> <span class='ocrx_word' id='word_1_30' title='bbox 701 621 764 666; x_wconf 93' lang='lat' dir='ltr'>non</span> <span class='ocrx_word' id='word_1_31' title='bbox 786 612 892 686; x_wconf 85' lang='lat' dir='ltr'>aptam</span> <span class='ocrx_word' id='word_1_32' title='bbox 914 623 984 666; x_wconf 85' lang='lat' dir='ltr'>esse</span> <span class='ocrx_word' id='word_1_33' title='bbox 1003 603 1155 686; x_wconf 82' lang='lat' dir='ltr'>judieavit</span> <span class='ocrx_word' id='word_1_34' title='bbox 1176 609 1269 683; x_wconf 82' lang='lat' dir='ltr'>utque</span> 
     </span>
     <span class='ocr_line' id='line_1_6' title="bbox 125 689 1270 790; baseline 0.012 -28"><span class='ocrx_word' id='word_1_35' title='bbox 125 701 305 783; x_wconf 74' lang='lat' dir='ltr'>repudiavit</span> <span class='ocrx_word' id='word_1_36' title='bbox 325 703 551 780; x_wconf 81' lang='lat' dir='ltr'>Schneiderus,</span> <span class='ocrx_word' id='word_1_37' title='bbox 580 705 653 787; x_wconf 87' lang='lat' dir='ltr'>jure</span> <span class='ocrx_word' id='word_1_38' title='bbox 675 704 764 781; x_wconf 80' lang='lat' dir='ltr'>feeit,</span> <span class='ocrx_word' id='word_1_39' title='bbox 795 705 881 786; x_wconf 80' lang='lat' dir='ltr'>quod</span> <span class='ocrx_word' id='word_1_40' title='bbox 902 725 980 769; x_wconf 83' lang='lat' dir='ltr'>vero</span> <span class='ocrx_word' id='word_1_41' title='bbox 1008 689 1068 788; x_wconf 83' lang='lat' dir='ltr'>pro</span> <span class='ocrx_word' id='word_1_42' title='bbox 1096 725 1135 769; x_wconf 83' lang='lat' dir='ltr'>eo</span> <span class='ocrx_word' id='word_1_43' title='bbox 1156 700 1270 790; x_wconf 68' lang='grc' dir='ltr'><strong><em>βάθος</em></strong></span> 
     </span>
     <span class='ocr_line' id='line_1_7' title="bbox 124 803 1268 891; baseline 0.004 -28"><span class='ocrx_word' id='word_1_44' title='bbox 124 838 170 852; x_wconf 91' lang='lat'><em>-</em></span> <span class='ocrx_word' id='word_1_45' title='bbox 185 821 267 883; x_wconf 83' lang='lat' dir='ltr'>quae</span> <span class='ocrx_word' id='word_1_46' title='bbox 289 803 362 866; x_wconf 83' lang='lat' dir='ltr'><strong>libri</strong></span> <span class='ocrx_word' id='word_1_47' title='bbox 379 805 514 867; x_wconf 86' lang='lat' dir='ltr'>Medioei</span> <span class='ocrx_word' id='word_1_48' title='bbox 531 806 683 887; x_wconf 81' lang='lat' dir='ltr'>scriptura</span> <span class='ocrx_word' id='word_1_49' title='bbox 699 808 894 888; x_wconf 88' lang='lat' dir='ltr'>perhibetur,</span> <span class='ocrx_word' id='word_1_50' title='bbox 917 828 1012 891; x_wconf 87' lang='lat' dir='ltr'>quum</span> <span class='ocrx_word' id='word_1_51' title='bbox 1030 816 1134 872; x_wconf 91' lang='lat' dir='ltr'>tamen</span> <span class='ocrx_word' id='word_1_52' title='bbox 1150 827 1268 871; x_wconf 79' lang='lat' dir='ltr'>seeun-</span> 
     </span>
     <span class='ocr_line' id='line_1_8' title="bbox 124 903 1268 993; baseline 0.004 -28"><span class='ocrx_word' id='word_1_53' title='bbox 124 903 208 966; x_wconf 85' lang='lat' dir='ltr'>durn‘</span> <span class='ocrx_word' id='word_1_54' title='bbox 215 905 416 967; x_wconf 81' lang='lat' dir='ltr'>collationem</span> <span class='ocrx_word' id='word_1_55' title='bbox 428 907 657 989; x_wconf 81' lang='lat' dir='ltr'>Weigelianam</span> <span class='ocrx_word' id='word_1_56' title='bbox 673 909 832 972; x_wconf 86' lang='lat' dir='ltr'>Medioeus</span> <span class='ocrx_word' id='word_1_57' title='bbox 849 905 966 993; x_wconf 75' lang='grc' dir='ltr'><strong><em>βάθτίς</em></strong></span> <span class='ocrx_word' id='word_1_58' title='bbox 985 911 1111 984; x_wconf 80' lang='lat' dir='ltr'>habeat,</span> <span class='ocrx_word' id='word_1_59' title='bbox 1130 943 1171 956; x_wconf 92' lang='lat'>-</span> <span class='ocrx_word' id='word_1_60' title='bbox 1190 928 1268 971; x_wconf 82' lang='lat' dir='ltr'>ver-</span> 
     </span>
     <span class='ocr_line' id='line_1_9' title="bbox 122 1007 1319 1091; baseline 0.003 -22"><span class='ocrx_word' id='word_1_61' title='bbox 122 1007 236 1070; x_wconf 88' lang='lat' dir='ltr'>borum</span> <span class='ocrx_word' id='word_1_62' title='bbox 252 1009 284 1070; x_wconf 91' lang='lat' dir='ltr'>in</span> <span class='ocrx_word' id='word_1_63' title='bbox 302 1007 444 1072; x_wconf 82' lang='lat' dir='ltr'>ordinem</span> <span class='ocrx_word' id='word_1_64' title='bbox 461 1010 593 1091; x_wconf 85' lang='lat' dir='ltr'>recepit,</span> <span class='ocrx_word' id='word_1_65' title='bbox 615 1011 741 1074; x_wconf 89' lang='lat' dir='ltr'>minime</span> <span class='ocrx_word' id='word_1_66' title='bbox 757 1020 805 1075; x_wconf 87' lang='lat' dir='ltr'>est</span> <span class='ocrx_word' id='word_1_67' title='bbox 820 1013 1003 1074; x_wconf 86' lang='lat' dir='ltr'>audiendus.</span> <span class='ocrx_word' id='word_1_68' title='bbox 1047 1013 1142 1076; x_wconf 87' lang='lat' dir='ltr'>Unice</span> <span class='ocrx_word' id='word_1_69' title='bbox 1158 1030 1269 1072; x_wconf 84' lang='lat' dir='ltr'>verum</span> <span class='ocrx_word' id='word_1_70' title='bbox 1315 1047 1319 1052; x_wconf 94' lang='lat'>-</span> 
     </span>
     <span class='ocr_line' id='line_1_10' title="bbox 122 1112 1267 1197; baseline 0.002 -27"><span class='ocrx_word' id='word_1_71' title='bbox 122 1116 188 1185; x_wconf 84' lang='lat' dir='ltr'>est,</span> <span class='ocrx_word' id='word_1_72' title='bbox 220 1112 307 1192; x_wconf 88' lang='lat' dir='ltr'>quod</span> <span class='ocrx_word' id='word_1_73' title='bbox 328 1112 430 1194; x_wconf 91' lang='lat' dir='ltr'>ipsum</span> <span class='ocrx_word' id='word_1_74' title='bbox 451 1114 483 1175; x_wconf 91' lang='lat' dir='ltr'>in</span> <span class='ocrx_word' id='word_1_75' title='bbox 506 1112 613 1176; x_wconf 82' lang='lat' dir='ltr'>codiee</span> <span class='ocrx_word' id='word_1_76' title='bbox 636 1115 875 1178; x_wconf 83' lang='lat' dir='ltr'>liobortelliuno</span> <span class='ocrx_word' id='word_1_77' title='bbox 901 1114 1120 1197; x_wconf 74' lang='lat' dir='ltr'>reperiebatur</span> <span class='ocrx_word' id='word_1_78' title='bbox 1141 1121 1173 1174; x_wconf 91' lang='lat' dir='ltr'>et</span> <span class='ocrx_word' id='word_1_79' title='bbox 1194 1112 1267 1173; x_wconf 84' lang='lat' dir='ltr'>for-</span> 
     </span>
     <span class='ocr_line' id='line_1_11' title="bbox 121 1213 1269 1300; baseline 0.001 -27"><span class='ocrx_word' id='word_1_80' title='bbox 121 1213 214 1274; x_wconf 90' lang='lat' dir='ltr'>tassis</span> <span class='ocrx_word' id='word_1_81' title='bbox 237 1221 286 1276; x_wconf 83' lang='lat' dir='ltr'>est</span> <span class='ocrx_word' id='word_1_82' title='bbox 307 1215 400 1276; x_wconf 90' lang='lat' dir='ltr'>etiam</span> <span class='ocrx_word' id='word_1_83' title='bbox 422 1215 454 1276; x_wconf 92' lang='lat' dir='ltr'>in</span> <span class='ocrx_word' id='word_1_84' title='bbox 475 1215 634 1291; x_wconf 82' lang='lat' dir='ltr'>Medieeo‚</span> <span class='ocrx_word' id='word_1_85' title='bbox 666 1217 854 1280; x_wconf 86' lang='lat' dir='ltr'>vocabulum</span> <span class='ocrx_word' id='word_1_86' title='bbox 876 1214 1007 1300; x_wconf 77' lang='grc' dir='ltr'><strong><em>βαθύς.</em></strong></span> <span class='ocrx_word' id='word_1_87' title='bbox 1050 1215 1175 1298; x_wconf 81' lang='lat' dir='ltr'>Quippe</span> <span class='ocrx_word' id='word_1_88' title='bbox 1197 1219 1269 1275; x_wconf 86' lang='lat' dir='ltr'>sunt</span> 
     </span>
     <span class='ocr_line' id='line_1_12' title="bbox 120 1314 1267 1400; baseline 0.002 -25"><span class='ocrx_word' id='word_1_89' title='bbox 120 1314 239 1390; x_wconf 81' lang='lat' dir='ltr'>verba,</span> <span class='ocrx_word' id='word_1_90' title='bbox 274 1334 356 1396; x_wconf 88' lang='lat' dir='ltr'>quae</span> <span class='ocrx_word' id='word_1_91' title='bbox 384 1316 452 1379; x_wconf 87' lang='lat' dir='ltr'><strong>Vss.</strong></span> <span class='ocrx_word' id='word_1_92' title='bbox 476 1315 554 1391; x_wconf 75' lang='lat'>429,</span> <span class='ocrx_word' id='word_1_93' title='bbox 577 1315 656 1392; x_wconf 63' lang='lat' dir='ltr'>aaa</span> <span class='ocrx_word' id='word_1_94' title='bbox 679 1317 739 1381; x_wconf 78' lang='lat'>431</span> <span class='ocrx_word' id='word_1_95' title='bbox 770 1318 930 1400; x_wconf 86' lang='lat' dir='ltr'>leguntur,</span> <span class='ocrx_word' id='word_1_96' title='bbox 968 1317 1011 1378; x_wconf 93' lang='lat' dir='ltr'>ita</span> <span class='ocrx_word' id='word_1_97' title='bbox 1040 1315 1267 1378; x_wconf 85' lang='lat' dir='ltr'>construenda:</span> 
     </span>
     <span class='ocr_line' id='line_1_13' title="bbox 120 1415 1285 1508; baseline 0.004 -28"><span class='ocrx_word' id='word_1_98' title='bbox 120 1418 189 1500; x_wconf 76' lang='grc' dir='ltr'>βοᾷ</span> <span class='ocrx_word' id='word_1_99' title='bbox 204 1415 239 1482; x_wconf 79' lang='grc' dir='ltr'>δὲ</span> <span class='ocrx_word' id='word_1_100' title='bbox 256 1417 396 1491; x_wconf 81' lang='grc' dir='ltr'><strong><em>πόντιος</em></strong></span> <span class='ocrx_word' id='word_1_101' title='bbox 415 1416 546 1486; x_wconf 73' lang='grc' dir='ltr'><strong><em>κλύδων</em></strong></span> <span class='ocrx_word' id='word_1_102' title='bbox 564 1423 762 1504; x_wconf 72' lang='grc' dir='ltr'><strong><em>ξυμπιτνυίν</em></strong></span> <span class='ocrx_word' id='word_1_103' title='bbox 779 1419 840 1503; x_wconf 81' lang='lat' dir='ltr'>(vel</span> <span class='ocrx_word' id='word_1_104' title='bbox 856 1419 960 1502; x_wconf 80' lang='lat' dir='ltr'>potius</span> <span class='ocrx_word' id='word_1_105' title='bbox 979 1417 1189 1502; x_wconf 73' lang='grc' dir='ltr'>ξυμπίτνων,</span> <span class='ocrx_word' id='word_1_106' title='bbox 1210 1417 1285 1508; x_wconf 29' lang='grc' dir='ltr'>οἷοι,</span> 
     </span>
     <span class='ocr_line' id='line_1_14' title="bbox 119 1509 1266 1601; baseline 0.009 -27"><span class='ocrx_word' id='word_1_107' title='bbox 119 1511 267 1574; x_wconf 84' lang='lat' dir='ltr'>Ellendtii</span> <span class='ocrx_word' id='word_1_108' title='bbox 284 1515 360 1574; x_wconf 84' lang='lat' dir='ltr'>Lex.</span> <span class='ocrx_word' id='word_1_109' title='bbox 373 1515 523 1597; x_wconf 87' lang='lat' dir='ltr'>Sopbool.</span> <span class='ocrx_word' id='word_1_110' title='bbox 545 1515 616 1577; x_wconf 85' lang='lat' dir='ltr'>Vol.</span> <span class='ocrx_word' id='word_1_111' title='bbox 627 1514 668 1592; x_wconf 89' lang='lat'>11,</span> <span class='ocrx_word' id='word_1_112' title='bbox 689 1535 722 1600; x_wconf 89' lang='lat' dir='ltr'>p.</span> <span class='ocrx_word' id='word_1_113' title='bbox 732 1516 809 1600; x_wconf 81' lang='lat'>571)</span> <span class='ocrx_word' id='word_1_114' title='bbox 833 1518 952 1595; x_wconf 81' lang='grc' dir='ltr'><strong><em>οτὲνα,</em></strong></span> <span class='ocrx_word' id='word_1_115' title='bbox 972 1510 1092 1601; x_wconf 69' lang='lat' dir='ltr'>stadie</span> <span class='ocrx_word' id='word_1_116' title='bbox 1113 1509 1266 1590; x_wconf 73' lang='grc' dir='ltr'><strong><em>κελαινός</em></strong></span> 
     </span>
     <span class='ocr_line' id='line_1_15' title="bbox 120 1608 1264 1707; baseline 0 -26"><span class='ocrx_word' id='word_1_117' title='bbox 120 1608 155 1681; x_wconf 80' lang='grc' dir='ltr'>δ’</span> <span class='ocrx_word' id='word_1_118' title='bbox 173 1612 294 1690; x_wconf 73' lang='grc' dir='ltr'><strong><em>Ἀΐδας</em></strong></span> <span class='ocrx_word' id='word_1_119' title='bbox 315 1608 506 1702; x_wconf 79' lang='grc' dir='ltr'><strong><em>τίποβρέμει</em></strong></span> <span class='ocrx_word' id='word_1_120' title='bbox 533 1614 643 1707; x_wconf 77' lang='grc' dir='ltr'><strong><em>μυχὸς</em></strong></span> <span class='ocrx_word' id='word_1_121' title='bbox 663 1620 737 1704; x_wconf 71' lang='grc' dir='ltr'>μᾶς.</span> <span class='ocrx_word' id='word_1_122' title='bbox 784 1619 919 1682; x_wconf 86' lang='lat' dir='ltr'>Dubium</span> <span class='ocrx_word' id='word_1_123' title='bbox 943 1625 990 1681; x_wconf 89' lang='lat' dir='ltr'>est</span> <span class='ocrx_word' id='word_1_124' title='bbox 1011 1625 1131 1693; x_wconf 85' lang='lat' dir='ltr'>autem,</span> <span class='ocrx_word' id='word_1_125' title='bbox 1162 1625 1264 1681; x_wconf 86' lang='lat' dir='ltr'>utrum</span> 
     </span>
     <span class='ocr_line' id='line_1_16' title="bbox 120 1718 1264 1804; baseline 0.001 -24"><span class='ocrx_word' id='word_1_126' title='bbox 120 1718 228 1783; x_wconf 79' lang='grc' dir='ltr'><strong><em>στένει</em></strong></span> <span class='ocrx_word' id='word_1_127' title='bbox 250 1720 359 1782; x_wconf 86' lang='lat' dir='ltr'>tertius</span> <span class='ocrx_word' id='word_1_128' title='bbox 383 1740 472 1783; x_wconf 84' lang='lat' dir='ltr'>casus</span> <span class='ocrx_word' id='word_1_129' title='bbox 494 1721 537 1784; x_wconf 84' lang='lat' dir='ltr'>sit</span> <span class='ocrx_word' id='word_1_130' title='bbox 555 1721 688 1784; x_wconf 84' lang='lat' dir='ltr'>nominis</span> <span class='ocrx_word' id='word_1_131' title='bbox 710 1722 841 1799; x_wconf 81' lang='grc' dir='ltr'><strong><em>οτὲνος,</em></strong></span> <span class='ocrx_word' id='word_1_132' title='bbox 864 1741 927 1804; x_wconf 87' lang='lat' dir='ltr'>quo</span> <span class='ocrx_word' id='word_1_133' title='bbox 945 1721 1040 1783; x_wconf 89' lang='lat' dir='ltr'>otiam</span> <span class='ocrx_word' id='word_1_134' title='bbox 1056 1719 1264 1782; x_wconf 82' lang='lat' dir='ltr'>Eumenidum</span> 
     </span>
    </p>
   </div>
   <div class='ocr_carea' id='block_1_3' title="bbox 119 1820 1367 1907">
    <p class='ocr_par' dir='ltr' id='par_1_4' title="bbox 119 1820 1367 1907">
     <span class='ocr_line' id='line_1_17' title="bbox 119 1820 1367 1907; baseline 0.006 -27"><span class='ocrx_word' id='word_1_135' title='bbox 119 1820 175 1882; x_wconf 83' lang='lat' dir='ltr'>Vr.</span> <span class='ocrx_word' id='word_1_136' title='bbox 192 1821 255 1882; x_wconf 76' lang='lat'>495</span> <span class='ocrx_word' id='word_1_137' title='bbox 277 1841 351 1884; x_wconf 82' lang='lat' dir='ltr'>neus</span> <span class='ocrx_word' id='word_1_138' title='bbox 374 1830 423 1885; x_wconf 79' lang='lat' dir='ltr'>est</span> <span class='ocrx_word' id='word_1_139' title='bbox 442 1822 496 1886; x_wconf 87' lang='lat' dir='ltr'>hio</span> <span class='ocrx_word' id='word_1_140' title='bbox 515 1831 626 1905; x_wconf 84' lang='lat' dir='ltr'>poeta,</span> <span class='ocrx_word' id='word_1_141' title='bbox 648 1823 789 1904; x_wconf 85' lang='lat' dir='ltr'>pendens</span> <span class='ocrx_word' id='word_1_142' title='bbox 810 1824 863 1886; x_wconf 91' lang='lat' dir='ltr'>ille</span> <span class='ocrx_word' id='word_1_143' title='bbox 885 1843 926 1884; x_wconf 83' lang='lat' dir='ltr'>ex</span> <span class='ocrx_word' id='word_1_144' title='bbox 947 1822 1046 1886; x_wconf 83' lang='lat' dir='ltr'>verbo</span> <span class='ocrx_word' id='word_1_145' title='bbox 1067 1821 1280 1907; x_wconf 80' lang='grc' dir='ltr'><strong><em>ξυμπίτνων·</em></strong></span> <span class='ocrx_word' id='word_1_146' title='bbox 1364 1857 1367 1864; x_wconf 89' lang='grc'><em>·</em></span> 
     </span>
    </p>
   </div>
   <div class='ocr_carea' id='block_1_4' title="bbox 116 1918 1262 3128">
    <p class='ocr_par' dir='ltr' id='par_1_5' title="bbox 116 1918 1262 3128">
     <span class='ocr_line' id='line_1_18' title="bbox 121 1918 1262 2008; baseline 0 -24"><span class='ocrx_word' id='word_1_147' title='bbox 121 1929 154 1984; x_wconf 86' lang='lat' dir='ltr'>et</span> <span class='ocrx_word' id='word_1_148' title='bbox 167 1922 201 1984; x_wconf 94' lang='lat' dir='ltr'>id</span> <span class='ocrx_word' id='word_1_149' title='bbox 217 1922 366 1998; x_wconf 84' lang='lat' dir='ltr'>iudicans,</span> <span class='ocrx_word' id='word_1_150' title='bbox 388 1943 450 2004; x_wconf 88' lang='lat' dir='ltr'>qao</span> <span class='ocrx_word' id='word_1_151' title='bbox 468 1923 588 1988; x_wconf 79' lang='lat' dir='ltr'><strong>collisio</strong></span> <span class='ocrx_word' id='word_1_152' title='bbox 605 1925 767 2000; x_wconf 77' lang='lat' dir='ltr'>alliciatur,</span> <span class='ocrx_word' id='word_1_153' title='bbox 787 1944 826 1986; x_wconf 91' lang='lat' dir='ltr'>an</span> <span class='ocrx_word' id='word_1_154' title='bbox 842 1927 908 2008; x_wconf 78' lang='grc' dir='ltr'>βοᾷ</span> <span class='ocrx_word' id='word_1_155' title='bbox 924 1925 1034 1985; x_wconf 87' lang='lat' dir='ltr'>tertius</span> <span class='ocrx_word' id='word_1_156' title='bbox 1049 1941 1139 1986; x_wconf 80' lang='lat' dir='ltr'>casus</span> <span class='ocrx_word' id='word_1_157' title='bbox 1154 1918 1262 1984; x_wconf 87' lang='lat' dir='ltr'>nomi-</span> 
     </span>
     <span class='ocr_line' id='line_1_19' title="bbox 119 2013 1262 2110; baseline -0.005 -20"><span class='ocrx_word' id='word_1_158' title='bbox 119 2025 167 2090; x_wconf 75' lang='lat' dir='ltr'>nis</span> <span class='ocrx_word' id='word_1_159' title='bbox 188 2021 275 2110; x_wconf 75' lang='grc' dir='ltr'><strong><em>βοαί,</em></strong></span> <span class='ocrx_word' id='word_1_160' title='bbox 303 2045 373 2088; x_wconf 88' lang='lat' dir='ltr'>oum</span> <span class='ocrx_word' id='word_1_161' title='bbox 395 2026 495 2088; x_wconf 87' lang='lat' dir='ltr'>verbo</span> <span class='ocrx_word' id='word_1_162' title='bbox 519 2025 716 2109; x_wconf 74' lang='grc' dir='ltr'><strong><em>ξυμπίτνων</em></strong></span> <span class='ocrx_word' id='word_1_163' title='bbox 739 2026 965 2089; x_wconf 81' lang='lat' dir='ltr'>construendus</span> <span class='ocrx_word' id='word_1_164' title='bbox 988 2013 1021 2088; x_wconf 82' lang='lat' dir='ltr'>et</span> <span class='ocrx_word' id='word_1_165' title='bbox 1041 2021 1137 2087; x_wconf 90' lang='lat' dir='ltr'>modo</span> <span class='ocrx_word' id='word_1_166' title='bbox 1159 2023 1262 2086; x_wconf 88' lang='lat' dir='ltr'>ralio-</span> 
     </span>
     <span class='ocr_line' id='line_1_20' title="bbox 120 2125 1261 2210; baseline 0 -20"><span class='ocrx_word' id='word_1_167' title='bbox 120 2127 214 2207; x_wconf 85' lang='lat' dir='ltr'>nique</span> <span class='ocrx_word' id='word_1_168' title='bbox 243 2126 467 2210; x_wconf 70' lang='lat' dir='ltr'>significandae</span> <span class='ocrx_word' id='word_1_169' title='bbox 497 2129 680 2190; x_wconf 81' lang='lat' dir='ltr'>inserviens.</span> <span class='ocrx_word' id='word_1_170' title='bbox 732 2129 821 2194; x_wconf 85' lang='lat' dir='ltr'>llane</span> <span class='ocrx_word' id='word_1_171' title='bbox 847 2127 1058 2210; x_wconf 80' lang='lat' dir='ltr'>posteriorem</span> <span class='ocrx_word' id='word_1_172' title='bbox 1087 2125 1261 2207; x_wconf 82' lang='lat' dir='ltr'>explicandi</span> 
     </span>
     <span class='ocr_line' id='line_1_21' title="bbox 119 2229 1260 2311; baseline 0 -19"><span class='ocrx_word' id='word_1_173' title='bbox 119 2231 274 2294; x_wconf 85' lang='lat' dir='ltr'>rationem</span> <span class='ocrx_word' id='word_1_174' title='bbox 288 2231 536 2311; x_wconf 73' lang='lat' dir='ltr'>amplectebatur</span> <span class='ocrx_word' id='word_1_175' title='bbox 550 2231 697 2298; x_wconf 80' lang='lat' dir='ltr'>tilbertus</span> <span class='ocrx_word' id='word_1_176' title='bbox 711 2230 908 2306; x_wconf 84' lang='lat' dir='ltr'>Sobusterus,</span> <span class='ocrx_word' id='word_1_177' title='bbox 923 2229 1083 2296; x_wconf 83' lang='lat' dir='ltr'>Cellensis.</span> <span class='ocrx_word' id='word_1_178' title='bbox 1103 2230 1260 2293; x_wconf 77' lang='lat' dir='ltr'>societatis</span> 
     </span>
     <span class='ocr_line' id='line_1_22' title="bbox 119 2330 1260 2414; baseline -0.004 -20"><span class='ocrx_word' id='word_1_179' title='bbox 119 2331 330 2414; x_wconf 84' lang='lat' dir='ltr'>philologioae</span> <span class='ocrx_word' id='word_1_180' title='bbox 351 2330 485 2406; x_wconf 79' lang='lat' dir='ltr'>sodalis,</span> <span class='ocrx_word' id='word_1_181' title='bbox 514 2332 583 2411; x_wconf 77' lang='lat' dir='ltr'>qut,</span> <span class='ocrx_word' id='word_1_182' title='bbox 612 2349 631 2394; x_wconf 90' lang='lat' dir='ltr'>a</span> <span class='ocrx_word' id='word_1_183' title='bbox 652 2351 702 2392; x_wconf 90' lang='lat' dir='ltr'>me</span> <span class='ocrx_word' id='word_1_184' title='bbox 719 2331 766 2392; x_wconf 78' lang='lat' dir='ltr'>&#39;de</span> <span class='ocrx_word' id='word_1_185' title='bbox 788 2331 860 2394; x_wconf 85' lang='lat' dir='ltr'>loeo</span> <span class='ocrx_word' id='word_1_186' title='bbox 882 2332 1023 2394; x_wconf 87' lang='lat' dir='ltr'>sanando</span> <span class='ocrx_word' id='word_1_187' title='bbox 1045 2331 1198 2404; x_wconf 84' lang='lat' dir='ltr'>monitus,</span> <span class='ocrx_word' id='word_1_188' title='bbox 1227 2330 1260 2391; x_wconf 97' lang='lat' dir='ltr'>in</span> 
     </span>
     <span class='ocr_line' id='line_1_23' title="bbox 120 2432 1259 2515; baseline -0.004 -17"><span class='ocrx_word' id='word_1_189' title='bbox 120 2453 223 2498; x_wconf 87' lang='lat' dir='ltr'>meam</span> <span class='ocrx_word' id='word_1_190' title='bbox 238 2434 323 2498; x_wconf 89' lang='lat' dir='ltr'>illam</span> <span class='ocrx_word' id='word_1_191' title='bbox 339 2433 591 2497; x_wconf 82' lang='lat' dir='ltr'>emendationem</span> <span class='ocrx_word' id='word_1_192' title='bbox 607 2435 720 2515; x_wconf 88' lang='lat' dir='ltr'>etipse</span> <span class='ocrx_word' id='word_1_193' title='bbox 736 2432 897 2496; x_wconf 73' lang='lat' dir='ltr'>inciderat.</span> <span class='ocrx_word' id='word_1_194' title='bbox 930 2433 1108 2506; x_wconf 86' lang='lat' dir='ltr'>Dorismnm</span> <span class='ocrx_word' id='word_1_195' title='bbox 1125 2449 1259 2514; x_wconf 75' lang='lat' dir='ltr'>regnare</span> 
     </span>
     <span class='ocr_line' id='line_1_24' title="bbox 118 2535 1258 2617; baseline -0.001 -19"><span class='ocrx_word' id='word_1_196' title='bbox 118 2538 178 2600; x_wconf 84' lang='lat' dir='ltr'>bae</span> <span class='ocrx_word' id='word_1_197' title='bbox 199 2537 231 2600; x_wconf 92' lang='lat' dir='ltr'>in</span> <span class='ocrx_word' id='word_1_198' title='bbox 254 2537 375 2617; x_wconf 87' lang='lat' dir='ltr'>epodo,</span> <span class='ocrx_word' id='word_1_199' title='bbox 405 2537 486 2602; x_wconf 83' lang='lat' dir='ltr'>male</span> <span class='ocrx_word' id='word_1_200' title='bbox 514 2538 600 2600; x_wconf 89' lang='lat' dir='ltr'>illum</span> <span class='ocrx_word' id='word_1_201' title='bbox 627 2537 659 2600; x_wconf 93' lang='lat' dir='ltr'>in</span> <span class='ocrx_word' id='word_1_202' title='bbox 686 2538 824 2604; x_wconf 84' lang='lat' dir='ltr'>editione</span> <span class='ocrx_word' id='word_1_203' title='bbox 845 2537 1082 2602; x_wconf 85' lang='lat' dir='ltr'>Wellaueriana</span> <span class='ocrx_word' id='word_1_204' title='bbox 1104 2535 1258 2598; x_wconf 85' lang='lat' dir='ltr'>oblitera-</span> 
     </span>
     <span class='ocr_line' id='line_1_25' title="bbox 117 2633 1257 2724; baseline -0.002 -23"><span class='ocrx_word' id='word_1_205' title='bbox 117 2649 197 2714; x_wconf 89' lang='lat' dir='ltr'>tum,</span> <span class='ocrx_word' id='word_1_206' title='bbox 228 2645 346 2701; x_wconf 86' lang='lat' dir='ltr'>eertum</span> <span class='ocrx_word' id='word_1_207' title='bbox 373 2647 429 2700; x_wconf 84' lang='lat' dir='ltr'>est.</span> <span class='ocrx_word' id='word_1_208' title='bbox 482 2638 557 2701; x_wconf 86' lang='lat' dir='ltr'>Cum</span> <span class='ocrx_word' id='word_1_209' title='bbox 579 2640 738 2703; x_wconf 84' lang='lat' dir='ltr'>vocabulis</span> <span class='ocrx_word' id='word_1_210' title='bbox 761 2633 882 2724; x_wconf 76' lang='grc' dir='ltr'><strong><em>βαθύς</em></strong></span> <span class='ocrx_word' id='word_1_211' title='bbox 907 2633 1060 2711; x_wconf 78' lang='grc' dir='ltr'><strong><em>κελαινὸς</em></strong></span> <span class='ocrx_word' id='word_1_212' title='bbox 1082 2639 1171 2722; x_wconf 82' lang='lat' dir='ltr'>juxta</span> <span class='ocrx_word' id='word_1_213' title='bbox 1191 2655 1257 2719; x_wconf 82' lang='lat' dir='ltr'>po-</span> 
     </span>
     <span class='ocr_line' id='line_1_26' title="bbox 116 2740 1257 2824; baseline 0.002 -22"><span class='ocrx_word' id='word_1_214' title='bbox 116 2741 182 2804; x_wconf 77' lang='lat' dir='ltr'>sitia</span> <span class='ocrx_word' id='word_1_215' title='bbox 204 2740 450 2822; x_wconf 81' lang='lat' dir='ltr'>eompara‘ndum</span> <span class='ocrx_word' id='word_1_216' title='bbox 471 2743 596 2804; x_wconf 83' lang='lat' dir='ltr'>inverso</span> <span class='ocrx_word' id='word_1_217' title='bbox 620 2743 730 2806; x_wconf 90' lang='lat' dir='ltr'>ordine</span> <span class='ocrx_word' id='word_1_218' title='bbox 752 2743 960 2824; x_wconf 81' lang='lat' dir='ltr'>compositum</span> <span class='ocrx_word' id='word_1_219' title='bbox 980 2741 1170 2804; x_wconf 85' lang='lat' dir='ltr'>vocobulum</span> <span class='ocrx_word' id='word_1_220' title='bbox 1190 2764 1257 2821; x_wconf 79' lang='grc' dir='ltr'>με-</span> 
     </span>
     <span class='ocr_line' id='line_1_27' title="bbox 116 2835 1257 2928; baseline 0 -19"><span class='ocrx_word' id='word_1_221' title='bbox 116 2835 319 2928; x_wconf 68' lang='grc' dir='ltr'><strong><em>λαμβαθὴς,</em></strong></span> <span class='ocrx_word' id='word_1_222' title='bbox 341 2864 404 2925; x_wconf 86' lang='lat' dir='ltr'>quo</span> <span class='ocrx_word' id='word_1_223' title='bbox 427 2844 567 2927; x_wconf 84' lang='lat' dir='ltr'>epitheto</span> <span class='ocrx_word' id='word_1_224' title='bbox 589 2844 682 2928; x_wconf 88' lang='lat' dir='ltr'>hujus</span> <span class='ocrx_word' id='word_1_225' title='bbox 703 2846 799 2926; x_wconf 84' lang='lat' dir='ltr'>ipsius</span> <span class='ocrx_word' id='word_1_226' title='bbox 823 2846 949 2913; x_wconf 85' lang='lat' dir='ltr'>tabulae</span> <span class='ocrx_word' id='word_1_227' title='bbox 971 2847 1024 2908; x_wconf 83' lang='lat' dir='ltr'>Vs.</span> <span class='ocrx_word' id='word_1_228' title='bbox 1041 2844 1104 2908; x_wconf 81' lang='lat'>219</span> <span class='ocrx_word' id='word_1_229' title='bbox 1128 2851 1257 2910; x_wconf 88' lang='lat' dir='ltr'>ornatur</span> 
     </span>
     <span class='ocr_line' id='line_1_28' title="bbox 123 2940 1256 3030; baseline 0.001 -20"><span class='ocrx_word' id='word_1_230' title='bbox 123 2940 300 3028; x_wconf 77' lang='lat' dir='ltr'>Tapw‘pov</span> <span class='ocrx_word' id='word_1_231' title='bbox 326 2947 499 3029; x_wconf 75' lang='grc' dir='ltr'><strong><em>κευθμών.</em></strong></span> <span class='ocrx_word' id='word_1_232' title='bbox 544 2946 605 3009; x_wconf 83' lang='lat' dir='ltr'>Cir.</span> <span class='ocrx_word' id='word_1_233' title='bbox 629 2948 722 3009; x_wconf 87' lang='lat' dir='ltr'>etiam</span> <span class='ocrx_word' id='word_1_234' title='bbox 750 2948 925 3010; x_wconf 33' lang='lat' dir='ltr'><strong>vs.10311:</strong></span> <span class='ocrx_word' id='word_1_235' title='bbox 956 2959 1140 3029; x_wconf 76' lang='grc' dir='ltr'><strong><em>κνεφαία</em></strong></span> <span class='ocrx_word' id='word_1_236' title='bbox 1167 2943 1256 3030; x_wconf 79' lang='grc' dir='ltr'><strong><em>υίμφί</em></strong></span> 
     </span>
     <span class='ocr_line' id='line_1_29' title="bbox 122 3040 523 3128; baseline 0 -18"><span class='ocrx_word' id='word_1_237' title='bbox 122 3041 301 3128; x_wconf 77' lang='grc' dir='ltr'><strong><em>Ταρτάρου</em></strong></span> <span class='ocrx_word' id='word_1_238' title='bbox 329 3040 461 3128; x_wconf 75' lang='grc' dir='ltr'><strong><em>βάθη.</em></strong></span> <span class='ocrx_word' id='word_1_239' title='bbox 482 3081 523 3097; x_wconf 76' lang='lat'>-</span> 
     </span>
    </p>
   </div>
   <div class='ocr_carea' id='block_1_5' title="bbox 634 3331 728 3414">
    <p class='ocr_par' dir='ltr' id='par_1_6' title="bbox 634 3331 728 3414">
     <span class='ocr_line' id='line_1_30' title="bbox 634 3331 728 3414; baseline -0.021 0"><span class='ocrx_word' id='word_1_240' title='bbox 634 3331 728 3414; x_wconf 86' lang='lat' dir='ltr'>vlt.</span> 
     </span>
    </p>
   </div>
   <div class='ocr_carea' id='block_1_6' title="bbox 263 3487 1099 3560">
    <p class='ocr_par' dir='ltr' id='par_1_7' title="bbox 263 3487 1099 3560">
     <span class='ocr_line' id='line_1_31' title="bbox 263 3487 1099 3560; baseline 0.001 -24"><span class='ocrx_word' id='word_1_241' title='bbox 263 3487 294 3536; x_wconf 89' lang='lat' dir='ltr'>ln</span> <span class='ocrx_word' id='word_1_242' title='bbox 314 3488 448 3554; x_wconf 67' lang='lat' dir='ltr'>integrum</span> <span class='ocrx_word' id='word_1_243' title='bbox 472 3489 626 3541; x_wconf 68' lang='lat' dir='ltr'>restituitur</span> <span class='ocrx_word' id='word_1_244' title='bbox 647 3492 741 3552; x_wconf 74' lang='lat' dir='ltr'>loeus,</span> <span class='ocrx_word' id='word_1_245' title='bbox 768 3491 816 3560; x_wconf 77' lang='lat' dir='ltr'>qui</span> <span class='ocrx_word' id='word_1_246' title='bbox 839 3498 881 3540; x_wconf 78' lang='lat' dir='ltr'>eol</span> <span class='ocrx_word' id='word_1_247' title='bbox 902 3489 949 3540; x_wconf 80' lang='lat' dir='ltr'>Va.</span> <span class='ocrx_word' id='word_1_248' title='bbox 967 3488 1020 3539; x_wconf 76' lang='grc'>470</span> <span class='ocrx_word' id='word_1_249' title='bbox 1039 3505 1099 3557; x_wconf 78' lang='lat' dir='ltr'>tqq.</span> 
     </span>
    </p>
   </div>
   <div class='ocr_carea' id='block_1_7' title="bbox 222 3632 1241 3926">
    <p class='ocr_par' dir='ltr' id='par_1_8' title="bbox 222 3632 1241 3926">
     <span class='ocr_line' id='line_1_32' title="bbox 222 3632 1241 3730; baseline 0.003 -30"><span class='ocrx_word' id='word_1_250' title='bbox 222 3635 417 3708; x_wconf 70' lang='grc' dir='ltr'><strong><em>Πίπονθας</em></strong></span> <span class='ocrx_word' id='word_1_251' title='bbox 443 3639 534 3709; x_wconf 78' lang='grc' dir='ltr'><strong><em>αἰκὲς</em></strong></span> <span class='ocrx_word' id='word_1_252' title='bbox 562 3632 659 3721; x_wconf 79' lang='grc' dir='ltr'><strong><em>πῆμ’,</em></strong></span> <span class='ocrx_word' id='word_1_253' title='bbox 691 3635 901 3726; x_wconf 71' lang='grc' dir='ltr'><strong><em>ἀποσφαλείς</em></strong></span> <span class='ocrx_word' id='word_1_254' title='bbox 930 3640 1069 3724; x_wconf 75' lang='grc' dir='ltr'><strong><em>φρονῶν.</em></strong></span> <span class='ocrx_word' id='word_1_255' title='bbox 1107 3723 1111 3730; x_wconf 13' lang='grc' dir='ltr'><strong>ἡ</strong></span> <span class='ocrx_word' id='word_1_256' title='bbox 1238 3717 1241 3724; x_wconf 14' lang='grc' dir='ltr'><strong><em>Δ</em></strong></span> 
     </span>
     <span class='ocr_line' id='line_1_33' title="bbox 226 3729 1033 3826; baseline 0.001 -24"><span class='ocrx_word' id='word_1_257' title='bbox 226 3736 365 3826; x_wconf 78' lang='grc' dir='ltr'><strong><em>Πλανᾴ,</em></strong></span> <span class='ocrx_word' id='word_1_258' title='bbox 394 3729 495 3812; x_wconf 73' lang='grc' dir='ltr'><strong><em>κακός</em></strong></span> <span class='ocrx_word' id='word_1_259' title='bbox 519 3729 550 3804; x_wconf 78' lang='lat' dir='ltr'>d&#39;</span> <span class='ocrx_word' id='word_1_260' title='bbox 573 3733 687 3824; x_wconf 75' lang='grc' dir='ltr'><strong><em>ἰατρὸς</em></strong></span> <span class='ocrx_word' id='word_1_261' title='bbox 711 3737 754 3814; x_wconf 73' lang='grc' dir='ltr'>ὥς</span> <span class='ocrx_word' id='word_1_262' title='bbox 779 3765 831 3816; x_wconf 83' lang='grc' dir='ltr'>τις</span> <span class='ocrx_word' id='word_1_263' title='bbox 855 3746 889 3814; x_wconf 77' lang='grc' dir='ltr'>ἐς</span> <span class='ocrx_word' id='word_1_264' title='bbox 916 3737 1033 3826; x_wconf 85' lang='grc' dir='ltr'><strong><em>νότον</em></strong></span> 
     </span>
     <span class='ocr_line' id='line_1_34' title="bbox 224 3831 518 3926; baseline 0.02 -26"><span class='ocrx_word' id='word_1_265' title='bbox 224 3831 335 3905; x_wconf 71' lang='lat' dir='ltr'>neoda</span> <span class='ocrx_word' id='word_1_266' title='bbox 363 3833 518 3926; x_wconf 73' lang='grc' dir='ltr'>ἀθυμεῖς.</span> 
     </span>
    </p>
   </div>
   <div class='ocr_carea' id='block_1_8' title="bbox 110 3949 1386 4260">
    <p class='ocr_par' dir='ltr' id='par_1_9' title="bbox 110 3949 1386 4260">
     <span class='ocr_line' id='line_1_35' title="bbox 111 3949 1247 4074; baseline 0.003 -34"><span class='ocrx_word' id='word_1_267' title='bbox 111 3978 160 4041; x_wconf 86' lang='lat' dir='ltr'>Sie</span> <span class='ocrx_word' id='word_1_268' title='bbox 185 3977 238 4040; x_wconf 88' lang='lat' dir='ltr'>bio</span> <span class='ocrx_word' id='word_1_269' title='bbox 263 3949 366 4056; x_wconf 80' lang='lat' dir='ltr'>loeus,</span> <span class='ocrx_word' id='word_1_270' title='bbox 398 3982 431 4043; x_wconf 90' lang='lat' dir='ltr'>in</span> <span class='ocrx_word' id='word_1_271' title='bbox 452 4001 515 4062; x_wconf 87' lang='lat' dir='ltr'>quo</span> <span class='ocrx_word' id='word_1_272' title='bbox 539 3984 653 4072; x_wconf 77' lang='grc' dir='ltr'><strong><em>πλανᾷ</em></strong></span> <span class='ocrx_word' id='word_1_273' title='bbox 677 3985 730 4048; x_wconf 77' lang='lat' dir='ltr'>ael</span> <span class='ocrx_word' id='word_1_274' title='bbox 751 3981 884 4074; x_wconf 73' lang='grc' dir='ltr'><strong><em>πλάνῃ,</em></strong></span> <span class='ocrx_word' id='word_1_275' title='bbox 916 4003 997 4068; x_wconf 85' lang='lat' dir='ltr'>quae</span> <span class='ocrx_word' id='word_1_276' title='bbox 1019 3985 1129 4068; x_wconf 86' lang='lat' dir='ltr'>prorui</span> <span class='ocrx_word' id='word_1_277' title='bbox 1151 3981 1247 4046; x_wconf 90' lang='lat' dir='ltr'>dubio</span> 
     </span>
     <span class='ocr_line' id='line_1_36' title="bbox 111 4083 1386 4170; baseline 0.005 -28"><span class='ocrx_word' id='word_1_278' title='bbox 111 4097 197 4142; x_wconf 84' lang='lat' dir='ltr'>mera</span> <span class='ocrx_word' id='word_1_279' title='bbox 226 4083 381 4144; x_wconf 82' lang='lat' dir='ltr'>correctio</span> <span class='ocrx_word' id='word_1_280' title='bbox 412 4091 476 4160; x_wconf 87' lang='lat' dir='ltr'>est,</span> <span class='ocrx_word' id='word_1_281' title='bbox 503 4086 609 4170; x_wconf 73' lang='lat' dir='ltr'>uulgo</span> <span class='ocrx_word' id='word_1_282' title='bbox 644 4106 714 4152; x_wconf 88' lang='lat' dir='ltr'>oum</span> <span class='ocrx_word' id='word_1_283' title='bbox 743 4088 1001 4154; x_wconf 78' lang='lat' dir='ltr'>antecedentibus</span> <span class='ocrx_word' id='word_1_284' title='bbox 1030 4088 1135 4151; x_wconf 78' lang='lat' dir='ltr'>verbis</span> <span class='ocrx_word' id='word_1_285' title='bbox 1166 4101 1247 4145; x_wconf 85' lang='lat' dir='ltr'>eon-</span> <span class='ocrx_word' id='word_1_286' title='bbox 1381 4149 1386 4158; x_wconf 81' lang='grc'><em>,</em></span> 
     </span>
     <span class='ocr_line' id='line_1_37' title="bbox 110 4181 1247 4260; baseline -0.005 -18"><span class='ocrx_word' id='word_1_287' title='bbox 110 4181 300 4260; x_wconf 68' lang='lat' dir='ltr'>struebatur,</span> <span class='ocrx_word' id='word_1_288' title='bbox 329 4186 499 4250; x_wconf 76' lang='lat' dir='ltr'>seeundum</span> <span class='ocrx_word' id='word_1_289' title='bbox 521 4187 572 4251; x_wconf 85' lang='lat' dir='ltr'>od.</span> <span class='ocrx_word' id='word_1_290' title='bbox 587 4187 656 4253; x_wconf 74' lang='lat' dir='ltr'>did.</span> <span class='ocrx_word' id='word_1_291' title='bbox 679 4199 711 4254; x_wconf 88' lang='lat' dir='ltr'>et</span> <span class='ocrx_word' id='word_1_292' title='bbox 731 4193 810 4256; x_wconf 82' lang='lat' dir='ltr'>llob.</span> <span class='ocrx_word' id='word_1_293' title='bbox 833 4212 852 4256; x_wconf 86' lang='lat' dir='ltr'>a</span> <span class='ocrx_word' id='word_1_294' title='bbox 874 4192 1075 4260; x_wconf 85' lang='lat' dir='ltr'>Wellauoro,</span> <span class='ocrx_word' id='word_1_295' title='bbox 1102 4187 1144 4244; x_wconf 84' lang='lat' dir='ltr'>de</span> <span class='ocrx_word' id='word_1_296' title='bbox 1164 4197 1247 4240; x_wconf 87' lang='lat' dir='ltr'>eon-</span> 
     </span>
    </p>
   </div>
   <div class='ocr_carea' id='block_1_9' title="bbox 0 0 1460 4672">
    <p class='ocr_par' dir='ltr' id='par_1_10' title="bbox 0 0 1460 4672">
     <span class='ocr_line' id='line_1_38' title="bbox 0 0 1460 4672; baseline 0 6"><span class='ocrx_word' id='word_1_297' title='bbox 0 0 1460 4672; x_wconf 95' lang='lat' dir='ltr'> </span> 
     </span>
    </p>
   </div>
  </div>
 </body>
</html>
