<?xml version="1.0" encoding="UTF-8"?>
<!DOCTYPE html PUBLIC "-//W3C//DTD XHTML 1.0 Transitional//EN"
    "http://www.w3.org/TR/xhtml1/DTD/xhtml1-transitional.dtd">
<html xmlns="http://www.w3.org/1999/xhtml" xml:lang="en" lang="en">
 <head>
  <title>
</title>
<meta http-equiv="Content-Type" content="text/html;charset=utf-8" />
  <meta name='ocr-system' content='tesseract 3.04.00' />
  <meta name='ocr-capabilities' content='ocr_page ocr_carea ocr_par ocr_line ocrx_word'/>
</head>
<body>
  <div class='ocr_page' id='page_1' title='image "./adversariainaea01wiesgoog_0050.png"; bbox 0 0 2910 4672; ppageno 0'>
   <div class='ocr_carea' id='block_1_1' title="bbox 521 167 771 234">
    <p class='ocr_par' dir='ltr' id='par_1_1' title="bbox 521 167 771 234">
     <span class='ocr_line' id='line_1_1' title="bbox 521 167 771 234; baseline 0 0"><span class='ocrx_word' id='word_1_1' title='bbox 521 167 771 234; x_wconf 73' lang='lat' dir='ltr'>-er-&#39;</span> 
     </span>
    </p>
   </div>
   <div class='ocr_carea' id='block_1_2' title="bbox 35 339 1201 844">
    <p class='ocr_par' dir='ltr' id='par_1_2' title="bbox 35 339 1201 844">
     <span class='ocr_line' id='line_1_2' title="bbox 68 339 1187 422; baseline -0.001 -20"><span class='ocrx_word' id='word_1_2' title='bbox 68 339 244 404; x_wconf 88' lang='lat' dir='ltr'>hominibus</span> <span class='ocrx_word' id='word_1_3' title='bbox 265 340 428 418; x_wconf 76' lang='lat' dir='ltr'>tribuatur,</span> <span class='ocrx_word' id='word_1_4' title='bbox 455 359 494 403; x_wconf 87' lang='lat' dir='ltr'>ex</span> <span class='ocrx_word' id='word_1_5' title='bbox 513 341 600 416; x_wconf 87' lang='lat' dir='ltr'>loco,</span> <span class='ocrx_word' id='word_1_6' title='bbox 634 342 686 422; x_wconf 90' lang='lat' dir='ltr'>qui</span> <span class='ocrx_word' id='word_1_7' title='bbox 712 347 758 404; x_wconf 91' lang='lat' dir='ltr'>est</span> <span class='ocrx_word' id='word_1_8' title='bbox 778 343 831 404; x_wconf 82' lang='lat' dir='ltr'>vs.</span> <span class='ocrx_word' id='word_1_9' title='bbox 847 341 911 405; x_wconf 75' lang='lat'>358</span> <span class='ocrx_word' id='word_1_10' title='bbox 930 361 1013 422; x_wconf 63' lang='lat' dir='ltr'>sqq„</span> <span class='ocrx_word' id='word_1_11' title='bbox 1049 349 1187 422; x_wconf 85' lang='lat' dir='ltr'>apparet,</span> 
     </span>
     <span class='ocr_line' id='line_1_3' title="bbox 68 441 1188 526; baseline 0.002 -24"><span class='ocrx_word' id='word_1_12' title='bbox 68 451 99 504; x_wconf 91' lang='lat' dir='ltr'>et</span> <span class='ocrx_word' id='word_1_13' title='bbox 121 441 206 523; x_wconf 91' lang='lat' dir='ltr'>quod</span> <span class='ocrx_word' id='word_1_14' title='bbox 231 442 417 507; x_wconf 76' lang='lat' dir='ltr'>facetissime</span> <span class='ocrx_word' id='word_1_15' title='bbox 443 450 537 525; x_wconf 88' lang='lat' dir='ltr'>poeta</span> <span class='ocrx_word' id='word_1_16' title='bbox 559 461 617 524; x_wconf 90' lang='lat' dir='ltr'>per</span> <span class='ocrx_word' id='word_1_17' title='bbox 637 451 685 506; x_wconf 86' lang='lat' dir='ltr'>est</span> <span class='ocrx_word' id='word_1_18' title='bbox 707 444 845 526; x_wconf 80' lang='lat' dir='ltr'>dignum,</span> <span class='ocrx_word' id='word_1_19' title='bbox 875 445 901 506; x_wconf 93' lang='lat' dir='ltr'>si</span> <span class='ocrx_word' id='word_1_20' title='bbox 921 463 999 506; x_wconf 92' lang='lat' dir='ltr'>unus</span> <span class='ocrx_word' id='word_1_21' title='bbox 1021 443 1188 524; x_wconf 80' lang='lat' dir='ltr'>Euelpides</span> 
     </span>
     <span class='ocr_line' id='line_1_4' title="bbox 66 540 1187 632; baseline -0.001 -26"><span class='ocrx_word' id='word_1_22' title='bbox 66 546 177 626; x_wconf 77' lang='lat' dir='ltr'>plurali</span> <span class='ocrx_word' id='word_1_23' title='bbox 204 565 334 608; x_wconf 88' lang='lat' dir='ltr'>numero</span> <span class='ocrx_word' id='word_1_24' title='bbox 359 547 531 628; x_wconf 88' lang='lat' dir='ltr'>appellatur</span> <span class='ocrx_word' id='word_1_25' title='bbox 557 540 617 632; x_wconf 76' lang='lat' dir='ltr'>lapi</span> <span class='ocrx_word' id='word_1_26' title='bbox 645 554 675 607; x_wconf 89' lang='lat' dir='ltr'>et</span> <span class='ocrx_word' id='word_1_27' title='bbox 702 543 844 613; x_wconf 78' lang='grc' dir='ltr'><strong><em>ὁπλῖται.</em></strong></span> <span class='ocrx_word' id='word_1_28' title='bbox 899 549 993 609; x_wconf 88' lang='lat' dir='ltr'>lleote</span> <span class='ocrx_word' id='word_1_29' title='bbox 1016 548 1081 630; x_wconf 88' lang='lat' dir='ltr'>jam</span> <span class='ocrx_word' id='word_1_30' title='bbox 1105 545 1187 606; x_wconf 84' lang='lat' dir='ltr'>Din-</span> 
     </span>
     <span class='ocr_line' id='line_1_5' title="bbox 66 643 1201 732; baseline -0.001 -24"><span class='ocrx_word' id='word_1_31' title='bbox 66 646 183 709; x_wconf 91' lang='lat' dir='ltr'>dorfius</span> <span class='ocrx_word' id='word_1_32' title='bbox 211 649 244 710; x_wconf 93' lang='lat' dir='ltr'>iu</span> <span class='ocrx_word' id='word_1_33' title='bbox 273 668 311 711; x_wconf 89' lang='lat' dir='ltr'>ea</span> <span class='ocrx_word' id='word_1_34' title='bbox 338 650 551 732; x_wconf 84' lang='lat' dir='ltr'>Aristophanis</span> <span class='ocrx_word' id='word_1_35' title='bbox 582 643 730 726; x_wconf 87' lang='lat' dir='ltr'>editione,</span> <span class='ocrx_word' id='word_1_36' title='bbox 768 667 860 730; x_wconf 64' lang='lat' dir='ltr'>quae*</span> <span class='ocrx_word' id='word_1_37' title='bbox 877 649 989 711; x_wconf 85' lang='lat' dir='ltr'>Oxonii</span> <span class='ocrx_word' id='word_1_38' title='bbox 1018 649 1129 710; x_wconf 87' lang='lat' dir='ltr'>emissa</span> <span class='ocrx_word' id='word_1_39' title='bbox 1156 647 1201 728; x_wconf 85' lang='lat' dir='ltr'>iu¹</span> 
     </span>
     <span class='ocr_line' id='line_1_6' title="bbox 35 751 1187 844; baseline -0.004 -30"><span class='ocrx_word' id='word_1_40' title='bbox 35 813 46 844; x_wconf 34' lang='grc' dir='ltr'><strong><em>ὓ</em></strong></span> <span class='ocrx_word' id='word_1_41' title='bbox 65 753 165 815; x_wconf 89' lang='lat' dir='ltr'>lucem</span> <span class='ocrx_word' id='word_1_42' title='bbox 188 763 249 831; x_wconf 90' lang='lat' dir='ltr'>est,</span> <span class='ocrx_word' id='word_1_43' title='bbox 271 755 384 829; x_wconf 86' lang='lat' dir='ltr'>verba,</span> <span class='ocrx_word' id='word_1_44' title='bbox 406 754 446 815; x_wconf 90' lang='lat' dir='ltr'>de</span> <span class='ocrx_word' id='word_1_45' title='bbox 464 754 573 835; x_wconf 90' lang='lat' dir='ltr'>quibus</span> <span class='ocrx_word' id='word_1_46' title='bbox 590 754 843 828; x_wconf 82' lang='lat' dir='ltr'>sermocinamur,</span> <span class='ocrx_word' id='word_1_47' title='bbox 866 753 1055 814; x_wconf 88' lang='lat' dir='ltr'>Pisthetaerc</span> <span class='ocrx_word' id='word_1_48' title='bbox 1073 751 1187 813; x_wconf 83' lang='lat' dir='ltr'>tribuit.</span> 
     </span>
    </p>
   </div>
   <div class='ocr_carea' id='block_1_3' title="bbox 12 951 1187 1115">
    <p class='ocr_par' dir='ltr' id='par_1_3' title="bbox 12 951 1187 1115">
     <span class='ocr_line' id='line_1_7' title="bbox 12 951 1187 1026; baseline -0.009 -15"><span class='ocrx_word' id='word_1_49' title='bbox 12 989 13 992; x_wconf 63' lang='lat'><em>=</em></span> <span class='ocrx_word' id='word_1_50' title='bbox 63 960 281 1020; x_wconf 77' lang='lat' dir='ltr'>Demonstrntur,</span> <span class='ocrx_word' id='word_1_51' title='bbox 295 961 421 1026; x_wconf 75' lang='lat' dir='ltr'>quattuor</span> <span class='ocrx_word' id='word_1_52' title='bbox 437 955 500 1007; x_wconf 81' lang='lat' dir='ltr'>illas</span> <span class='ocrx_word' id='word_1_53' title='bbox 516 973 578 1008; x_wconf 79' lang='lat' dir='ltr'>aves</span> <span class='ocrx_word' id='word_1_54' title='bbox 591 956 707 1010; x_wconf 88' lang='lat' dir='ltr'>musicos</span> <span class='ocrx_word' id='word_1_55' title='bbox 723 955 798 1006; x_wconf 83' lang='lat' dir='ltr'>chori</span> <span class='ocrx_word' id='word_1_56' title='bbox 812 973 878 1009; x_wconf 83' lang='lat' dir='ltr'>csse.</span> <span class='ocrx_word' id='word_1_57' title='bbox 916 955 1093 1024; x_wconf 85' lang='lat' dir='ltr'>Explicantur</span> <span class='ocrx_word' id='word_1_58' title='bbox 1106 951 1187 1005; x_wconf 80' lang='lat' dir='ltr'>verba</span> 
     </span>
     <span class='ocr_line' id='line_1_8' title="bbox 159 1042 1089 1115; baseline -0.01 -17"><span class='ocrx_word' id='word_1_59' title='bbox 159 1053 264 1115; x_wconf 81' lang='lat' dir='ltr'>poetae.</span> <span class='ocrx_word' id='word_1_60' title='bbox 301 1045 397 1112; x_wconf 75' lang='lat' dir='ltr'>Agitur</span> <span class='ocrx_word' id='word_1_61' title='bbox 414 1045 447 1094; x_wconf 87' lang='lat' dir='ltr'>de</span> <span class='ocrx_word' id='word_1_62' title='bbox 466 1044 553 1114; x_wconf 73' lang='lat' dir='ltr'>patria</span> <span class='ocrx_word' id='word_1_63' title='bbox 570 1044 657 1112; x_wconf 82' lang='lat' dir='ltr'>deque</span> <span class='ocrx_word' id='word_1_64' title='bbox 675 1042 770 1095; x_wconf 82' lang='lat' dir='ltr'>habitu</span> <span class='ocrx_word' id='word_1_65' title='bbox 790 1045 897 1094; x_wconf 84' lang='lat' dir='ltr'>scenico</span> <span class='ocrx_word' id='word_1_66' title='bbox 919 1044 1089 1094; x_wconf 84' lang='lat' dir='ltr'>musicorum.</span> 
     </span>
    </p>
   </div>
   <div class='ocr_carea' id='block_1_4' title="bbox 19 1165 1211 4348">
    <p class='ocr_par' dir='ltr' id='par_1_4' title="bbox 19 1165 1211 4348">
     <span class='ocr_line' id='line_1_9' title="bbox 146 1165 1186 1251; baseline -0.006 -21"><span class='ocrx_word' id='word_1_67' title='bbox 146 1169 231 1251; x_wconf 80' lang='lat' dir='ltr'>Ergo</span> <span class='ocrx_word' id='word_1_68' title='bbox 253 1170 344 1231; x_wconf 88' lang='lat' dir='ltr'>aliam</span> <span class='ocrx_word' id='word_1_69' title='bbox 364 1167 485 1230; x_wconf 90' lang='lat' dir='ltr'>illarum</span> <span class='ocrx_word' id='word_1_70' title='bbox 506 1171 651 1249; x_wconf 89' lang='lat' dir='ltr'>quattuor</span> <span class='ocrx_word' id='word_1_71' title='bbox 671 1167 773 1230; x_wconf 83' lang='lat' dir='ltr'>avium</span> <span class='ocrx_word' id='word_1_72' title='bbox 795 1167 1028 1248; x_wconf 84' lang='lat' dir='ltr'>explicationem</span> <span class='ocrx_word' id='word_1_73' title='bbox 1051 1165 1186 1227; x_wconf 78' lang='lat' dir='ltr'>eircum-</span> 
     </span>
     <span class='ocr_line' id='line_1_10' title="bbox 61 1265 1187 1354; baseline -0.007 -20"><span class='ocrx_word' id='word_1_74' title='bbox 61 1273 225 1354; x_wconf 75' lang='lat' dir='ltr'>spiciamus</span> <span class='ocrx_word' id='word_1_75' title='bbox 248 1279 380 1354; x_wconf 87' lang='lat' dir='ltr'>oportet.</span> <span class='ocrx_word' id='word_1_76' title='bbox 422 1271 493 1344; x_wconf 85' lang='lat' dir='ltr'>Qua</span> <span class='ocrx_word' id='word_1_77' title='bbox 513 1271 545 1329; x_wconf 93' lang='lat' dir='ltr'>in</span> <span class='ocrx_word' id='word_1_78' title='bbox 565 1289 601 1331; x_wconf 92' lang='lat' dir='ltr'>re</span> <span class='ocrx_word' id='word_1_79' title='bbox 621 1270 879 1351; x_wconf 82' lang='lat' dir='ltr'>proficiscendum</span> <span class='ocrx_word' id='word_1_80' title='bbox 898 1279 945 1333; x_wconf 92' lang='lat' dir='ltr'>est</span> <span class='ocrx_word' id='word_1_81' title='bbox 967 1272 1006 1332; x_wconf 89' lang='lat' dir='ltr'>ab</span> <span class='ocrx_word' id='word_1_82' title='bbox 1024 1289 1078 1344; x_wconf 89' lang='lat' dir='ltr'>eo,</span> <span class='ocrx_word' id='word_1_83' title='bbox 1102 1265 1187 1348; x_wconf 91' lang='lat' dir='ltr'>quod</span> 
     </span>
     <span class='ocr_line' id='line_1_11' title="bbox 59 1372 1183 1457; baseline -0.009 -20"><span class='ocrx_word' id='word_1_84' title='bbox 59 1378 203 1457; x_wconf 84' lang='lat' dir='ltr'>proxime</span> <span class='ocrx_word' id='word_1_85' title='bbox 222 1385 295 1444; x_wconf 86' lang='lat' dir='ltr'>ante</span> <span class='ocrx_word' id='word_1_86' title='bbox 313 1375 442 1437; x_wconf 90' lang='lat' dir='ltr'>chorum</span> <span class='ocrx_word' id='word_1_87' title='bbox 460 1373 652 1434; x_wconf 86' lang='lat' dir='ltr'>orchestram</span> <span class='ocrx_word' id='word_1_88' title='bbox 669 1373 891 1455; x_wconf 83' lang='lat' dir='ltr'>ingrediuntur.</span> <span class='ocrx_word' id='word_1_89' title='bbox 936 1372 1183 1444; x_wconf 77' lang='lat' dir='ltr'>«Orchestram,»</span> 
     </span>
     <span class='ocr_line' id='line_1_12' title="bbox 59 1462 1186 1560; baseline -0.004 -20"><span class='ocrx_word' id='word_1_90' title='bbox 59 1479 204 1558; x_wconf 80' lang='lat' dir='ltr'>inquam,</span> <span class='ocrx_word' id='word_1_91' title='bbox 234 1477 510 1560; x_wconf 64' lang='lat' dir='ltr'>«ingredientem</span> <span class='ocrx_word' id='word_1_92' title='bbox 539 1493 612 1537; x_wconf 88' lang='lat' dir='ltr'>nam</span> <span class='ocrx_word' id='word_1_93' title='bbox 641 1494 693 1538; x_wconf 87' lang='lat' dir='ltr'>aas</span> <span class='ocrx_word' id='word_1_94' title='bbox 721 1462 917 1558; x_wconf 80' lang='lat' dir='ltr'>proscenium</span> <span class='ocrx_word' id='word_1_95' title='bbox 945 1497 1008 1539; x_wconf 91' lang='lat' dir='ltr'>non</span> <span class='ocrx_word' id='word_1_96' title='bbox 1027 1476 1186 1538; x_wconf 76' lang='lat' dir='ltr'>-esseiu-</span> 
     </span>
     <span class='ocr_line' id='line_1_13' title="bbox 60 1580 1185 1662; baseline -0.004 -20"><span class='ocrx_word' id='word_1_97' title='bbox 60 1597 200 1662; x_wconf 80' lang='lat' dir='ltr'>gressas,</span> <span class='ocrx_word' id='word_1_98' title='bbox 228 1582 278 1643; x_wconf 88' lang='lat' dir='ltr'>vel</span> <span class='ocrx_word' id='word_1_99' title='bbox 300 1600 339 1642; x_wconf 86' lang='lat' dir='ltr'>ex</span> <span class='ocrx_word' id='word_1_100' title='bbox 361 1599 401 1640; x_wconf 89' lang='lat' dir='ltr'>eo</span> <span class='ocrx_word' id='word_1_101' title='bbox 422 1586 567 1660; x_wconf 86' lang='lat' dir='ltr'>apparet,</span> <span class='ocrx_word' id='word_1_102' title='bbox 590 1580 674 1660; x_wconf 85' lang='lat' dir='ltr'>quod</span> <span class='ocrx_word' id='word_1_103' title='bbox 695 1599 824 1662; x_wconf 89' lang='lat' dir='ltr'>prorsus</span> <span class='ocrx_word' id='word_1_104' title='bbox 845 1600 947 1661; x_wconf 89' lang='lat' dir='ltr'>neque</span> <span class='ocrx_word' id='word_1_105' title='bbox 969 1587 1063 1662; x_wconf 78' lang='lat' dir='ltr'>agunt</span> <span class='ocrx_word' id='word_1_106' title='bbox 1084 1597 1185 1659; x_wconf 90' lang='lat' dir='ltr'>neque</span> 
     </span>
     <span class='ocr_line' id='line_1_14' title="bbox 58 1679 1185 1764; baseline 0 -22"><span class='ocrx_word' id='word_1_107' title='bbox 58 1683 235 1762; x_wconf 89' lang='lat' dir='ltr'>loquuntur.</span> <span class='ocrx_word' id='word_1_108' title='bbox 284 1681 372 1742; x_wconf 84' lang='lat' dir='ltr'>lllud-</span> <span class='ocrx_word' id='word_1_109' title='bbox 389 1688 496 1750; x_wconf 82' lang='lat' dir='ltr'>autem</span> <span class='ocrx_word' id='word_1_110' title='bbox 517 1683 582 1764; x_wconf 88' lang='lat' dir='ltr'>jam</span> <span class='ocrx_word' id='word_1_111' title='bbox 612 1701 730 1763; x_wconf 89' lang='lat' dir='ltr'>perse</span> <span class='ocrx_word' id='word_1_112' title='bbox 760 1683 859 1744; x_wconf 91' lang='lat' dir='ltr'>solum</span> <span class='ocrx_word' id='word_1_113' title='bbox 880 1701 920 1746; x_wconf 91' lang='lat' dir='ltr'>eo</span> <span class='ocrx_word' id='word_1_114' title='bbox 943 1683 1041 1758; x_wconf 89' lang='lat' dir='ltr'>ducit,</span> <span class='ocrx_word' id='word_1_115' title='bbox 1074 1687 1107 1742; x_wconf 88' lang='lat' dir='ltr'>ut</span> <span class='ocrx_word' id='word_1_116' title='bbox 1127 1679 1185 1742; x_wconf 87' lang='lat' dir='ltr'>has</span> 
     </span>
     <span class='ocr_line' id='line_1_15' title="bbox 58 1784 1185 1867; baseline -0.003 -20"><span class='ocrx_word' id='word_1_117' title='bbox 58 1803 133 1847; x_wconf 89' lang='lat' dir='ltr'>aves</span> <span class='ocrx_word' id='word_1_118' title='bbox 164 1784 296 1847; x_wconf 87' lang='lat' dir='ltr'>musieos</span> <span class='ocrx_word' id='word_1_119' title='bbox 327 1784 415 1846; x_wconf 83' lang='lat' dir='ltr'>cheri</span> <span class='ocrx_word' id='word_1_120' title='bbox 445 1785 539 1847; x_wconf 85' lang='lat' dir='ltr'>luisse</span> <span class='ocrx_word' id='word_1_121' title='bbox 572 1787 788 1848; x_wconf 72' lang='lat' dir='ltr'>existimemus.</span> <span class='ocrx_word' id='word_1_122' title='bbox 844 1789 946 1867; x_wconf 80' lang='lat' dir='ltr'>Atque</span> <span class='ocrx_word' id='word_1_123' title='bbox 975 1789 1018 1850; x_wconf 89' lang='lat' dir='ltr'>ita</span> <span class='ocrx_word' id='word_1_124' title='bbox 1051 1803 1120 1847; x_wconf 89' lang='lat' dir='ltr'>esse</span> <span class='ocrx_word' id='word_1_125' title='bbox 1151 1793 1185 1845; x_wconf 89' lang='lat' dir='ltr'>ut</span> 
     </span>
     <span class='ocr_line' id='line_1_16' title="bbox 58 1888 1183 1970; baseline -0.004 -19"><span class='ocrx_word' id='word_1_126' title='bbox 58 1889 238 1963; x_wconf 88' lang='lat' dir='ltr'>credamus,</span> <span class='ocrx_word' id='word_1_127' title='bbox 267 1888 399 1968; x_wconf 86' lang='lat' dir='ltr'>plurima</span> <span class='ocrx_word' id='word_1_128' title='bbox 427 1890 518 1950; x_wconf 88' lang='lat' dir='ltr'>etiam</span> <span class='ocrx_word' id='word_1_129' title='bbox 544 1890 575 1949; x_wconf 93' lang='lat' dir='ltr'>in</span> <span class='ocrx_word' id='word_1_130' title='bbox 600 1890 674 1969; x_wconf 88' lang='lat' dir='ltr'>ipsis</span> <span class='ocrx_word' id='word_1_131' title='bbox 695 1897 809 1970; x_wconf 89' lang='lat' dir='ltr'>poetae</span> <span class='ocrx_word' id='word_1_132' title='bbox 831 1891 933 1952; x_wconf 86' lang='lat' dir='ltr'>verbis</span> <span class='ocrx_word' id='word_1_133' title='bbox 955 1891 1072 1962; x_wconf 88' lang='lat' dir='ltr'>insunt,</span> <span class='ocrx_word' id='word_1_134' title='bbox 1102 1903 1183 1967; x_wconf 86' lang='lat' dir='ltr'>quae</span> 
     </span>
     <span class='ocr_line' id='line_1_17' title="bbox 57 1989 1185 2071; baseline -0.006 -17"><span class='ocrx_word' id='word_1_135' title='bbox 57 1991 219 2054; x_wconf 86' lang='lat' dir='ltr'>suadeant.</span> <span class='ocrx_word' id='word_1_136' title='bbox 269 1991 339 2054; x_wconf 91' lang='lat' dir='ltr'>Nou</span> <span class='ocrx_word' id='word_1_137' title='bbox 359 1989 532 2065; x_wconf 87' lang='lat' dir='ltr'>adhibebo,</span> <span class='ocrx_word' id='word_1_138' title='bbox 560 1991 622 2052; x_wconf 88' lang='lat' dir='ltr'>hoc</span> <span class='ocrx_word' id='word_1_139' title='bbox 644 1992 769 2071; x_wconf 88' lang='lat' dir='ltr'>quidem</span> <span class='ocrx_word' id='word_1_140' title='bbox 787 1993 873 2066; x_wconf 87' lang='lat' dir='ltr'>loco,</span> <span class='ocrx_word' id='word_1_141' title='bbox 902 1992 942 2051; x_wconf 91' lang='lat' dir='ltr'>ad</span> <span class='ocrx_word' id='word_1_142' title='bbox 963 1991 1185 2051; x_wconf 85' lang='lat' dir='ltr'>demonstran-</span> 
     </span>
     <span class='ocr_line' id='line_1_18' title="bbox 59 2091 1184 2175; baseline -0.004 -20"><span class='ocrx_word' id='word_1_143' title='bbox 59 2095 131 2156; x_wconf 93' lang='lat' dir='ltr'>dum</span> <span class='ocrx_word' id='word_1_144' title='bbox 158 2091 241 2154; x_wconf 87' lang='lat' dir='ltr'>illam</span> <span class='ocrx_word' id='word_1_145' title='bbox 267 2111 392 2168; x_wconf 87' lang='lat' dir='ltr'>vocem,</span> <span class='ocrx_word' id='word_1_146' title='bbox 423 2109 513 2173; x_wconf 87' lang='lat' dir='ltr'>quem</span> <span class='ocrx_word' id='word_1_147' title='bbox 535 2093 815 2175; x_wconf 89' lang='lat' dir='ltr'>Phoenicopterum</span> <span class='ocrx_word' id='word_1_148' title='bbox 837 2095 932 2155; x_wconf 89' lang='lat' dir='ltr'>edere</span> <span class='ocrx_word' id='word_1_149' title='bbox 953 2095 1005 2154; x_wconf 88' lang='lat' dir='ltr'>Vs.</span> <span class='ocrx_word' id='word_1_150' title='bbox 1020 2092 1081 2154; x_wconf 86' lang='grc'><strong>267</strong></span> <span class='ocrx_word' id='word_1_151' title='bbox 1103 2091 1184 2151; x_wconf 88' lang='lat' dir='ltr'>inter</span> 
     </span>
     <span class='ocr_line' id='line_1_19' title="bbox 60 2195 1185 2281; baseline -0.004 -24"><span class='ocrx_word' id='word_1_152' title='bbox 60 2197 294 2279; x_wconf 77' lang='lat' dir='ltr'>ingrediendum</span> <span class='ocrx_word' id='word_1_153' title='bbox 321 2213 414 2279; x_wconf 86' lang='lat' dir='ltr'>supra</span> <span class='ocrx_word' id='word_1_154' title='bbox 438 2197 579 2259; x_wconf 87' lang='lat' dir='ltr'>vidimus.</span> <span class='ocrx_word' id='word_1_155' title='bbox 627 2197 690 2258; x_wconf 88' lang='lat' dir='ltr'>Sed</span> <span class='ocrx_word' id='word_1_156' title='bbox 711 2199 763 2259; x_wconf 84' lang='lat' dir='ltr'>Vs.</span> <span class='ocrx_word' id='word_1_157' title='bbox 783 2197 844 2260; x_wconf 87' lang='grc'><strong>276</strong></span> <span class='ocrx_word' id='word_1_158' title='bbox 871 2197 968 2281; x_wconf 86' lang='lat' dir='ltr'>gallus</span> <span class='ocrx_word' id='word_1_159' title='bbox 996 2195 1185 2279; x_wconf 84' lang='lat' dir='ltr'>gallinaceus</span> 
     </span>
     <span class='ocr_line' id='line_1_20' title="bbox 59 2275 1184 2382; baseline -0.004 -22"><span class='ocrx_word' id='word_1_160' title='bbox 59 2300 211 2382; x_wconf 84' lang='lat' dir='ltr'>expressis</span> <span class='ocrx_word' id='word_1_161' title='bbox 233 2302 337 2364; x_wconf 87' lang='lat' dir='ltr'>verbis</span> <span class='ocrx_word' id='word_1_162' title='bbox 361 2307 489 2362; x_wconf 90' lang='lat' dir='ltr'>vocatur</span> <span class='ocrx_word' id='word_1_163' title='bbox 510 2295 801 2382; x_wconf 69' lang='grc' dir='ltr'>μουσόμαντις</span> <span class='ocrx_word' id='word_1_164' title='bbox 827 2275 925 2382; x_wconf 67' lang='lat' dir='ltr'>iprae.</span> <span class='ocrx_word' id='word_1_165' title='bbox 969 2299 1066 2381; x_wconf 83' lang='lat' dir='ltr'>Magis</span> <span class='ocrx_word' id='word_1_166' title='bbox 1090 2297 1184 2365; x_wconf 57' lang='lat' dir='ltr'>mem</span> 
     </span>
     <span class='ocr_line' id='line_1_21' title="bbox 55 2401 1186 2483; baseline -0.003 -21"><span class='ocrx_word' id='word_1_167' title='bbox 55 2403 173 2463; x_wconf 89' lang='lat' dir='ltr'>idonea</span> <span class='ocrx_word' id='word_1_168' title='bbox 200 2402 241 2462; x_wconf 94' lang='lat' dir='ltr'>ad</span> <span class='ocrx_word' id='word_1_169' title='bbox 266 2410 403 2462; x_wconf 87' lang='lat' dir='ltr'>nostram</span> <span class='ocrx_word' id='word_1_170' title='bbox 431 2401 614 2461; x_wconf 89' lang='lat' dir='ltr'>seutentiam</span> <span class='ocrx_word' id='word_1_171' title='bbox 638 2403 902 2483; x_wconf 89' lang='lat' dir='ltr'>comprobandam</span> <span class='ocrx_word' id='word_1_172' title='bbox 929 2413 999 2464; x_wconf 88' lang='lat' dir='ltr'>sunt</span> <span class='ocrx_word' id='word_1_173' title='bbox 1020 2421 1072 2476; x_wconf 89' lang='lat' dir='ltr'>ea,</span> <span class='ocrx_word' id='word_1_174' title='bbox 1101 2419 1186 2480; x_wconf 89' lang='lat' dir='ltr'>quae</span> 
     </span>
     <span class='ocr_line' id='line_1_22' title="bbox 55 2503 1181 2588; baseline -0.004 -20"><span class='ocrx_word' id='word_1_175' title='bbox 55 2509 128 2570; x_wconf 91' lang='lat' dir='ltr'>loco</span> <span class='ocrx_word' id='word_1_176' title='bbox 165 2504 385 2586; x_wconf 85' lang='lat' dir='ltr'>Aristophanio</span> <span class='ocrx_word' id='word_1_177' title='bbox 422 2511 529 2566; x_wconf 86' lang='lat' dir='ltr'>notata</span> <span class='ocrx_word' id='word_1_178' title='bbox 563 2505 665 2584; x_wconf 91' lang='lat' dir='ltr'>potius</span> <span class='ocrx_word' id='word_1_179' title='bbox 703 2506 900 2586; x_wconf 88' lang='lat' dir='ltr'>reperiuntur</span> <span class='ocrx_word' id='word_1_180' title='bbox 938 2515 968 2568; x_wconf 88' lang='lat' dir='ltr'>et</span> <span class='ocrx_word' id='word_1_181' title='bbox 1003 2503 1181 2588; x_wconf 76' lang='lat' dir='ltr'>significata,</span> 
     </span>
     <span class='ocr_line' id='line_1_23' title="bbox 56 2607 1181 2691; baseline -0.004 -18"><span class='ocrx_word' id='word_1_182' title='bbox 56 2629 149 2691; x_wconf 89' lang='lat' dir='ltr'>quam</span> <span class='ocrx_word' id='word_1_183' title='bbox 172 2608 273 2671; x_wconf 89' lang='lat' dir='ltr'>verbis</span> <span class='ocrx_word' id='word_1_184' title='bbox 296 2623 451 2688; x_wconf 85' lang='lat' dir='ltr'>expressa.</span> <span class='ocrx_word' id='word_1_185' title='bbox 502 2607 542 2668; x_wconf 86' lang='lat' dir='ltr'>Et</span> <span class='ocrx_word' id='word_1_186' title='bbox 561 2607 693 2688; x_wconf 91' lang='lat' dir='ltr'>primum</span> <span class='ocrx_word' id='word_1_187' title='bbox 716 2607 842 2687; x_wconf 90' lang='lat' dir='ltr'>quidem</span> <span class='ocrx_word' id='word_1_188' title='bbox 864 2627 974 2670; x_wconf 91' lang='lat' dir='ltr'>omnes</span> <span class='ocrx_word' id='word_1_189' title='bbox 992 2609 1068 2671; x_wconf 91' lang='lat' dir='ltr'>illae·</span> <span class='ocrx_word' id='word_1_190' title='bbox 1086 2614 1181 2689; x_wconf 88' lang='lat' dir='ltr'>quat·-</span> 
     </span>
     <span class='ocr_line' id='line_1_24' title="bbox 56 2695 1211 2794; baseline -0.001 -19"><span class='ocrx_word' id='word_1_191' title='bbox 56 2723 129 2775; x_wconf 92' lang='lat' dir='ltr'>tuor</span> <span class='ocrx_word' id='word_1_192' title='bbox 148 2729 222 2776; x_wconf 80' lang='lat' dir='ltr'>aves</span> <span class='ocrx_word' id='word_1_193' title='bbox 247 2711 433 2793; x_wconf 78' lang='lat' dir='ltr'>peregrinae</span> <span class='ocrx_word' id='word_1_194' title='bbox 455 2717 534 2772; x_wconf 86' lang='lat' dir='ltr'>sunt.</span> <span class='ocrx_word' id='word_1_195' title='bbox 581 2711 861 2794; x_wconf 82' lang='lat' dir='ltr'>Phoeuicopterum</span> <span class='ocrx_word' id='word_1_196' title='bbox 883 2729 968 2788; x_wconf 85' lang='lat' dir='ltr'>ease,</span> <span class='ocrx_word' id='word_1_197' title='bbox 997 2721 1094 2794; x_wconf 90' lang='lat' dir='ltr'>poeta</span> <span class='ocrx_word' id='word_1_198' title='bbox 1113 2713 1180 2794; x_wconf 89' lang='lat' dir='ltr'>ipse</span> <span class='ocrx_word' id='word_1_199' title='bbox 1208 2695 1211 2703; x_wconf 62' lang='grc'><strong>’</strong></span> 
     </span>
     <span class='ocr_line' id='line_1_25' title="bbox 55 2813 1180 2901; baseline -0.004 -20"><span class='ocrx_word' id='word_1_200' title='bbox 55 2815 237 2901; x_wconf 78' lang='lat' dir='ltr'>significavit</span> <span class='ocrx_word' id='word_1_201' title='bbox 263 2817 317 2878; x_wconf 85' lang='lat' dir='ltr'>Vs.</span> <span class='ocrx_word' id='word_1_202' title='bbox 335 2813 394 2878; x_wconf 89' lang='grc'><strong>271</strong></span> <span class='ocrx_word' id='word_1_203' title='bbox 419 2822 451 2876; x_wconf 88' lang='lat' dir='ltr'>et</span> <span class='ocrx_word' id='word_1_204' title='bbox 471 2813 544 2876; x_wconf 88' lang='grc'><strong>275.</strong></span> <span class='ocrx_word' id='word_1_205' title='bbox 592 2816 632 2877; x_wconf 86' lang='lat' dir='ltr'>Et</span> <span class='ocrx_word' id='word_1_206' title='bbox 657 2816 829 2897; x_wconf 84' lang='lat' dir='ltr'>appellatur</span> <span class='ocrx_word' id='word_1_207' title='bbox 856 2817 939 2897; x_wconf 89' lang='lat' dir='ltr'>apud</span> <span class='ocrx_word' id='word_1_208' title='bbox 966 2815 1180 2892; x_wconf 81' lang='lat' dir='ltr'>Heliodorum,</span> 
     </span>
     <span class='ocr_line' id='line_1_26' title="bbox 53 2915 1179 3001; baseline -0.004 -16"><span class='ocrx_word' id='word_1_209' title='bbox 53 2921 199 3001; x_wconf 82' lang='lat' dir='ltr'>Aethiop.</span> <span class='ocrx_word' id='word_1_210' title='bbox 220 2918 278 2993; x_wconf 92' lang='grc'><strong>71,</strong></span> <span class='ocrx_word' id='word_1_211' title='bbox 299 2917 337 2992; x_wconf 88' lang='grc'>3,</span> <span class='ocrx_word' id='word_1_212' title='bbox 374 2915 521 2999; x_wconf 71' lang='grc' dir='ltr'><strong><em>Νειλῷοι</em></strong></span> <span class='ocrx_word' id='word_1_213' title='bbox 551 2915 811 3001; x_wconf 71' lang='grc' dir='ltr'><strong><em>φοινικόπτερος.</em></strong></span> <span class='ocrx_word' id='word_1_214' title='bbox 868 2919 959 3000; x_wconf 85' lang='lat' dir='ltr'>Apud</span> <span class='ocrx_word' id='word_1_215' title='bbox 989 2921 1179 2994; x_wconf 76' lang='lat' dir='ltr'>Iuvenalem,</span> 
     </span>
     <span class='ocr_line' id='line_1_27' title="bbox 54 3019 1181 3102; baseline -0.004 -14"><span class='ocrx_word' id='word_1_216' title='bbox 54 3028 117 3088; x_wconf 89' lang='lat' dir='ltr'>Sat.</span> <span class='ocrx_word' id='word_1_217' title='bbox 135 3025 194 3099; x_wconf 86' lang='lat' dir='ltr'>Xl,</span> <span class='ocrx_word' id='word_1_218' title='bbox 220 3021 296 3095; x_wconf 88' lang='grc'><strong>139,</strong></span> <span class='ocrx_word' id='word_1_219' title='bbox 332 3019 413 3081; x_wconf 87' lang='lat' dir='ltr'>haee</span> <span class='ocrx_word' id='word_1_220' title='bbox 438 3019 503 3081; x_wconf 83' lang='lat' dir='ltr'>avis</span> <span class='ocrx_word' id='word_1_221' title='bbox 532 3031 791 3084; x_wconf 89' lang='lat' dir='ltr'>commemoratur</span> <span class='ocrx_word' id='word_1_222' title='bbox 818 3021 941 3102; x_wconf 88' lang='lat' dir='ltr'>quidem</span> <span class='ocrx_word' id='word_1_223' title='bbox 970 3023 1072 3085; x_wconf 92' lang='lat' dir='ltr'>medio</span> <span class='ocrx_word' id='word_1_224' title='bbox 1088 3023 1181 3084; x_wconf 60' lang='lat' dir='ltr'>‘iuter</span> 
     </span>
     <span class='ocr_line' id='line_1_28' title="bbox 52 3123 1178 3209; baseline -0.005 -20"><span class='ocrx_word' id='word_1_225' title='bbox 52 3127 212 3209; x_wconf 81' lang='lat' dir='ltr'>Scythicas</span> <span class='ocrx_word' id='word_1_226' title='bbox 225 3123 376 3187; x_wconf 25' lang='lat' dir='ltr'>&#39;volueres</span> <span class='ocrx_word' id='word_1_227' title='bbox 399 3131 430 3184; x_wconf 89' lang='lat' dir='ltr'>et</span> <span class='ocrx_word' id='word_1_228' title='bbox 445 3123 606 3184; x_wconf 76' lang='lat' dir='ltr'>Gaetulum</span> <span class='ocrx_word' id='word_1_229' title='bbox 627 3143 757 3206; x_wconf 81' lang='lat' dir='ltr'>orygem</span> <span class='ocrx_word' id='word_1_230' title='bbox 777 3124 865 3200; x_wconf 81' lang='lat' dir='ltr'>loeo,</span> <span class='ocrx_word' id='word_1_231' title='bbox 885 3126 942 3186; x_wconf 89' lang='lat' dir='ltr'>sed</span> <span class='ocrx_word' id='word_1_232' title='bbox 965 3145 1004 3186; x_wconf 85' lang='lat' dir='ltr'>ex</span> <span class='ocrx_word' id='word_1_233' title='bbox 1024 3125 1087 3185; x_wconf 86' lang='lat' dir='ltr'>hoo</span> <span class='ocrx_word' id='word_1_234' title='bbox 1107 3125 1178 3186; x_wconf 89' lang='lat' dir='ltr'>loeo</span> 
     </span>
     <span class='ocr_line' id='line_1_29' title="bbox 52 3226 1179 3312; baseline -0.008 -18"><span class='ocrx_word' id='word_1_235' title='bbox 52 3234 94 3294; x_wconf 91' lang='lat' dir='ltr'>de</span> <span class='ocrx_word' id='word_1_236' title='bbox 121 3232 189 3312; x_wconf 92' lang='lat' dir='ltr'>ipsa</span> <span class='ocrx_word' id='word_1_237' title='bbox 214 3226 450 3308; x_wconf 84' lang='lat' dir='ltr'>phoenicopteri</span> <span class='ocrx_word' id='word_1_238' title='bbox 475 3226 576 3308; x_wconf 90' lang='lat' dir='ltr'>patria</span> <span class='ocrx_word' id='word_1_239' title='bbox 601 3233 687 3290; x_wconf 85' lang='lat' dir='ltr'>certa</span> <span class='ocrx_word' id='word_1_240' title='bbox 707 3229 884 3310; x_wconf 83' lang='lat' dir='ltr'>conjectura</span> <span class='ocrx_word' id='word_1_241' title='bbox 905 3227 975 3308; x_wconf 87' lang='lat' dir='ltr'>capi</span> <span class='ocrx_word' id='word_1_242' title='bbox 996 3227 1047 3289; x_wconf 82' lang='lat' dir='ltr'>vix</span> <span class='ocrx_word' id='word_1_243' title='bbox 1066 3232 1179 3308; x_wconf 90' lang='lat' dir='ltr'>potest.</span> 
     </span>
     <span class='ocr_line' id='line_1_30' title="bbox 51 3329 1178 3416; baseline -0.003 -19"><span class='ocrx_word' id='word_1_244' title='bbox 51 3339 167 3409; x_wconf 89' lang='lat' dir='ltr'>Porro,</span> <span class='ocrx_word' id='word_1_245' title='bbox 198 3333 290 3396; x_wconf 91' lang='lat' dir='ltr'>etiam</span> <span class='ocrx_word' id='word_1_246' title='bbox 317 3334 429 3416; x_wconf 81' lang='lat' dir='ltr'>gallum</span> <span class='ocrx_word' id='word_1_247' title='bbox 459 3329 659 3416; x_wconf 83' lang='lat' dir='ltr'>gallinaceum</span> <span class='ocrx_word' id='word_1_248' title='bbox 686 3351 776 3416; x_wconf 82' lang='lat' dir='ltr'>avem</span> <span class='ocrx_word' id='word_1_249' title='bbox 805 3339 942 3394; x_wconf 84' lang='lat' dir='ltr'>exteram</span> <span class='ocrx_word' id='word_1_250' title='bbox 969 3351 1053 3408; x_wconf 88' lang='lat' dir='ltr'>esse,</span> <span class='ocrx_word' id='word_1_251' title='bbox 1083 3339 1178 3414; x_wconf 91' lang='lat' dir='ltr'>poeta</span> 
     </span>
     <span class='ocr_line' id='line_1_31' title="bbox 19 3433 1177 3522; baseline 0.001 -22"><span class='ocrx_word' id='word_1_252' title='bbox 19 3471 23 3480; x_wconf 92' lang='lat'>·</span> <span class='ocrx_word' id='word_1_253' title='bbox 51 3441 119 3521; x_wconf 90' lang='lat' dir='ltr'>ipse</span> <span class='ocrx_word' id='word_1_254' title='bbox 142 3437 220 3500; x_wconf 86' lang='lat' dir='ltr'>dixit</span> <span class='ocrx_word' id='word_1_255' title='bbox 238 3438 290 3498; x_wconf 89' lang='lat' dir='ltr'>Vs.</span> <span class='ocrx_word' id='word_1_256' title='bbox 307 3433 385 3511; x_wconf 79' lang='lat'>275,</span> <span class='ocrx_word' id='word_1_257' title='bbox 414 3444 445 3498; x_wconf 89' lang='lat' dir='ltr'>et</span> <span class='ocrx_word' id='word_1_258' title='bbox 464 3437 565 3518; x_wconf 88' lang='lat' dir='ltr'>ipsum</span> <span class='ocrx_word' id='word_1_259' title='bbox 586 3453 701 3499; x_wconf 88' lang='lat' dir='ltr'>numen</span> <span class='ocrx_word' id='word_1_260' title='bbox 723 3437 859 3522; x_wconf 75' lang='grc' dir='ltr'>Μῆδοι,</span> <span class='ocrx_word' id='word_1_261' title='bbox 890 3434 1052 3520; x_wconf 76' lang='grc' dir='ltr'><strong><em>Περσικὸς</em></strong></span> <span class='ocrx_word' id='word_1_262' title='bbox 1073 3433 1177 3520; x_wconf 73' lang='grc' dir='ltr'>ὅροις,</span> 
     </span>
     <span class='ocr_line' id='line_1_32' title="bbox 52 3539 1176 3623; baseline -0.005 -17"><span class='ocrx_word' id='word_1_263' title='bbox 52 3545 92 3606; x_wconf 91' lang='lat' dir='ltr'>de</span> <span class='ocrx_word' id='word_1_264' title='bbox 119 3561 180 3622; x_wconf 91' lang='lat' dir='ltr'>quo</span> <span class='ocrx_word' id='word_1_265' title='bbox 207 3539 280 3604; x_wconf 82' lang='lat' dir='ltr'>vide</span> <span class='ocrx_word' id='word_1_266' title='bbox 300 3541 352 3601; x_wconf 90' lang='lat' dir='ltr'>Vs.</span> <span class='ocrx_word' id='word_1_267' title='bbox 368 3541 446 3616; x_wconf 75' lang='lat' dir='ltr'>tet,</span> <span class='ocrx_word' id='word_1_268' title='bbox 464 3541 536 3616; x_wconf 88' lang='grc'><strong>707,</strong></span> <span class='ocrx_word' id='word_1_269' title='bbox 556 3541 633 3617; x_wconf 86' lang='grc'><strong>833,</strong></span> <span class='ocrx_word' id='word_1_270' title='bbox 663 3540 863 3603; x_wconf 87' lang='lat' dir='ltr'>demonstrat.</span> <span class='ocrx_word' id='word_1_271' title='bbox 911 3539 1005 3623; x_wconf 84' lang='lat' dir='ltr'>Cujus</span> <span class='ocrx_word' id='word_1_272' title='bbox 1032 3540 1176 3621; x_wconf 85' lang='lat' dir='ltr'>appellu-</span> 
     </span>
     <span class='ocr_line' id='line_1_33' title="bbox 52 3641 1176 3725; baseline -0.007 -17"><span class='ocrx_word' id='word_1_273' title='bbox 52 3645 143 3708; x_wconf 89' lang='lat' dir='ltr'>tionis</span> <span class='ocrx_word' id='word_1_274' title='bbox 165 3661 258 3725; x_wconf 86' lang='lat' dir='ltr'>qnam</span> <span class='ocrx_word' id='word_1_275' title='bbox 279 3641 470 3724; x_wconf 82' lang='lat' dir='ltr'>boettigerus</span> <span class='ocrx_word' id='word_1_276' title='bbox 492 3661 630 3703; x_wconf 87' lang='lat' dir='ltr'>caussam</span> <span class='ocrx_word' id='word_1_277' title='bbox 651 3645 746 3706; x_wconf 81' lang='lat' dir='ltr'>fuisse</span> <span class='ocrx_word' id='word_1_278' title='bbox 768 3643 911 3724; x_wconf 87' lang='lat' dir='ltr'>opinatur</span> <span class='ocrx_word' id='word_1_279' title='bbox 931 3643 1012 3704; x_wconf 88' lang='lat' dir='ltr'>libro</span> <span class='ocrx_word' id='word_1_280' title='bbox 1036 3642 1076 3702; x_wconf 93' lang='lat' dir='ltr'>de</span> <span class='ocrx_word' id='word_1_281' title='bbox 1097 3659 1176 3721; x_wconf 88' lang='lat' dir='ltr'>per-</span> 
     </span>
     <span class='ocr_line' id='line_1_34' title="bbox 53 3742 1175 3829; baseline -0.005 -19"><span class='ocrx_word' id='word_1_282' title='bbox 53 3767 130 3810; x_wconf 91' lang='lat' dir='ltr'>sona</span> <span class='ocrx_word' id='word_1_283' title='bbox 150 3748 279 3824; x_wconf 84' lang='lat' dir='ltr'>Furiali,</span> <span class='ocrx_word' id='word_1_284' title='bbox 306 3767 338 3829; x_wconf 88' lang='lat' dir='ltr'>p.</span> <span class='ocrx_word' id='word_1_285' title='bbox 354 3747 404 3822; x_wconf 89' lang='grc'>37,</span> <span class='ocrx_word' id='word_1_286' title='bbox 433 3745 503 3807; x_wconf 90' lang='lat' dir='ltr'>adn.</span> <span class='ocrx_word' id='word_1_287' title='bbox 527 3742 569 3827; x_wconf 77' lang='lat' dir='ltr'>(G.</span> <span class='ocrx_word' id='word_1_288' title='bbox 584 3742 791 3825; x_wconf 73' lang='lat' dir='ltr'>A.Bdttiger’s</span> <span class='ocrx_word' id='word_1_289' title='bbox 818 3743 922 3805; x_wconf 85' lang='lat' dir='ltr'>hlaine</span> <span class='ocrx_word' id='word_1_290' title='bbox 944 3743 1097 3806; x_wconf 85' lang='lat' dir='ltr'>Sobrilten</span> <span class='ocrx_word' id='word_1_291' title='bbox 1119 3763 1175 3804; x_wconf 82' lang='lat' dir='ltr'>ar·-</span> 
     </span>
     <span class='ocr_line' id='line_1_35' title="bbox 53 3847 1173 3934; baseline -0.003 -20"><span class='ocrx_word' id='word_1_292' title='bbox 53 3851 292 3934; x_wconf 74' lang='lat' dir='ltr'>chtlologischcn</span> <span class='ocrx_word' id='word_1_293' title='bbox 313 3851 378 3912; x_wconf 87' lang='lat' dir='ltr'>nnd</span> <span class='ocrx_word' id='word_1_294' title='bbox 399 3849 647 3932; x_wconf 86' lang='lat' dir='ltr'>antiquariscben</span> <span class='ocrx_word' id='word_1_295' title='bbox 666 3847 792 3923; x_wconf 81' lang='lat' dir='ltr'>lnhelts,</span> <span class='ocrx_word' id='word_1_296' title='bbox 815 3847 995 3930; x_wconf 77' lang='lat' dir='ltr'>gesammelt</span> <span class='ocrx_word' id='word_1_297' title='bbox 1016 3848 1077 3910; x_wconf 92' lang='lat' dir='ltr'>uud</span> <span class='ocrx_word' id='word_1_298' title='bbox 1094 3849 1173 3911; x_wconf 85' lang='lat' dir='ltr'>her-</span> 
     </span>
     <span class='ocr_line' id='line_1_36' title="bbox 53 3949 1172 4038; baseline -0.002 -22"><span class='ocrx_word' id='word_1_299' title='bbox 53 3953 251 4038; x_wconf 82' lang='lat' dir='ltr'>ausgegebeu</span> <span class='ocrx_word' id='word_1_300' title='bbox 278 3973 340 4016; x_wconf 86' lang='lat' dir='ltr'>rou</span> <span class='ocrx_word' id='word_1_301' title='bbox 368 3955 463 4017; x_wconf 88' lang='lat' dir='ltr'>Julius</span> <span class='ocrx_word' id='word_1_302' title='bbox 491 3954 594 4036; x_wconf 78' lang='lat' dir='ltr'>sillig,</span> <span class='ocrx_word' id='word_1_303' title='bbox 623 3953 692 4014; x_wconf 92' lang='lat' dir='ltr'>Vol.</span> <span class='ocrx_word' id='word_1_304' title='bbox 708 3949 738 4028; x_wconf 93' lang='lat'>1,</span> <span class='ocrx_word' id='word_1_305' title='bbox 768 3971 798 4034; x_wconf 96' lang='lat' dir='ltr'>p.</span> <span class='ocrx_word' id='word_1_306' title='bbox 816 3949 911 4034; x_wconf 82' lang='lat'>211),</span> <span class='ocrx_word' id='word_1_307' title='bbox 951 3971 988 4013; x_wconf 90' lang='lat' dir='ltr'>aa</span> <span class='ocrx_word' id='word_1_308' title='bbox 1015 3973 1078 4017; x_wconf 90' lang='lat' dir='ltr'>non</span> <span class='ocrx_word' id='word_1_309' title='bbox 1108 3957 1172 4017; x_wconf 90' lang='lat' dir='ltr'>fuit.</span> 
     </span>
     <span class='ocr_line' id='line_1_37' title="bbox 53 4055 1171 4141; baseline -0.003 -21"><span class='ocrx_word' id='word_1_310' title='bbox 53 4060 183 4121; x_wconf 83' lang='lat' dir='ltr'>Meliora</span> <span class='ocrx_word' id='word_1_311' title='bbox 199 4057 319 4119; x_wconf 85' lang='lat' dir='ltr'>discere</span> <span class='ocrx_word' id='word_1_312' title='bbox 333 4059 382 4119; x_wconf 86' lang='lat' dir='ltr'>vir</span> <span class='ocrx_word' id='word_1_313' title='bbox 397 4059 492 4119; x_wconf 90' lang='lat' dir='ltr'>multo</span> <span class='ocrx_word' id='word_1_314' title='bbox 509 4075 559 4118; x_wconf 87' lang='lat' dir='ltr'>me</span> <span class='ocrx_word' id='word_1_315' title='bbox 577 4055 726 4119; x_wconf 87' lang='lat' dir='ltr'>eruditior</span> <span class='ocrx_word' id='word_1_316' title='bbox 740 4064 864 4139; x_wconf 86' lang='lat' dir='ltr'>poterat</span> <span class='ocrx_word' id='word_1_317' title='bbox 877 4059 942 4141; x_wconf 86' lang='lat' dir='ltr'>jam</span> <span class='ocrx_word' id='word_1_318' title='bbox 959 4078 997 4120; x_wconf 87' lang='lat' dir='ltr'>ex</span> <span class='ocrx_word' id='word_1_319' title='bbox 1012 4068 1171 4141; x_wconf 90' lang='lat' dir='ltr'>postremo</span> 
     </span>
     <span class='ocr_line' id='line_1_38' title="bbox 55 4160 1171 4246; baseline 0.002 -22"><span class='ocrx_word' id='word_1_320' title='bbox 55 4163 107 4224; x_wconf 92' lang='lat' dir='ltr'>illo</span> <span class='ocrx_word' id='word_1_321' title='bbox 130 4172 243 4244; x_wconf 89' lang='lat' dir='ltr'>poetae</span> <span class='ocrx_word' id='word_1_322' title='bbox 265 4163 351 4237; x_wconf 88' lang='lat' dir='ltr'>locu,</span> <span class='ocrx_word' id='word_1_323' title='bbox 380 4164 565 4244; x_wconf 84' lang='lat' dir='ltr'>quinetiam</span> <span class='ocrx_word' id='word_1_324' title='bbox 589 4183 627 4224; x_wconf 90' lang='lat' dir='ltr'>ex</span> <span class='ocrx_word' id='word_1_325' title='bbox 648 4164 763 4246; x_wconf 91' lang='lat' dir='ltr'>primo,</span> <span class='ocrx_word' id='word_1_326' title='bbox 795 4161 942 4246; x_wconf 80' lang='lat' dir='ltr'>imprimis</span> <span class='ocrx_word' id='word_1_327' title='bbox 968 4183 1044 4225; x_wconf 80' lang='lat' dir='ltr'>vero</span> <span class='ocrx_word' id='word_1_328' title='bbox 1068 4181 1106 4223; x_wconf 85' lang='lat' dir='ltr'>ex</span> <span class='ocrx_word' id='word_1_329' title='bbox 1126 4160 1171 4226; x_wconf 70' lang='lat' dir='ltr'>iis,</span> 
     </span>
     <span class='ocr_line' id='line_1_39' title="bbox 54 4265 1170 4348; baseline -0.003 -20"><span class='ocrx_word' id='word_1_330' title='bbox 54 4285 133 4348; x_wconf 87' lang='lat' dir='ltr'>quae</span> <span class='ocrx_word' id='word_1_331' title='bbox 155 4268 365 4332; x_wconf 86' lang='lat' dir='ltr'>disseruerunt</span> <span class='ocrx_word' id='word_1_332' title='bbox 388 4269 488 4331; x_wconf 86' lang='lat' dir='ltr'>Varro</span> <span class='ocrx_word' id='word_1_333' title='bbox 512 4277 544 4331; x_wconf 91' lang='lat' dir='ltr'>et</span> <span class='ocrx_word' id='word_1_334' title='bbox 561 4269 732 4332; x_wconf 76' lang='lat' dir='ltr'>Columella</span> <span class='ocrx_word' id='word_1_335' title='bbox 758 4267 797 4332; x_wconf 87' lang='lat' dir='ltr'>de</span> <span class='ocrx_word' id='word_1_336' title='bbox 821 4289 858 4332; x_wconf 77' lang='lat' dir='ltr'>re</span> <span class='ocrx_word' id='word_1_337' title='bbox 885 4269 1008 4330; x_wconf 68' lang='lat' dir='ltr'>tostico</span> <span class='ocrx_word' id='word_1_338' title='bbox 1036 4265 1170 4342; x_wconf 73' lang='lat' dir='ltr'>agentes,</span> 
     </span>
    </p>
   </div>
   <div class='ocr_carea' id='block_1_5' title="bbox 0 0 1460 4672">
    <p class='ocr_par' dir='ltr' id='par_1_5' title="bbox 0 0 1460 4672">
     <span class='ocr_line' id='line_1_40' title="bbox 0 0 1460 4672; baseline 0 4"><span class='ocrx_word' id='word_1_339' title='bbox 0 0 1460 4672; x_wconf 95' lang='lat' dir='ltr'> </span> 
     </span>
    </p>
   </div>
  </div>
 </body>
</html>
