2910 4654
686 182 915 241 -5t-·

354 349 493 436 Θρᾶσσῃ
515 343 681 431 πτερωτὸς
702 345 797 430 ὅρνις
814 351 854 412 lu
877 347 1074 436 παντευχίᾳ,

221 457 256 512 ut
277 449 461 530 appellatur
477 451 517 512 ah
540 448 698 530 Aeschylo
721 448 831 530 fragm.
853 450 917 511 300
940 449 1105 523 Schuetz.,
1128 449 1203 528 quin
1225 450 1368 514 Thracia

212 550 460 630 ,avis'haheuda
491 551 532 612 sit
562 551 698 614 dubitari
721 552 849 613 omnino
880 553 997 632 nequit.
1050 551 1156 612 Thrax
1187 555 1270 614 enim
1293 562 1368 616 crat

221 657 356 728 Tenem,
377 653 471 732 quarn
493 651 621 714 tabulae
643 652 788 713 serebant
809 653 841 712 in
863 671 1000 732 upupam
1020 672 1090 715 esse
1111 660 1273 732 mutatum,
1295 657 1367 718 ho·-

220 753 334 818 minem
357 754 526 828 cristatum,
550 746 692 828 στικτὸν,
714 753 908 816 versicolore
922 761 1066 816 ornatum
1084 757 1197 817 vestitu
1218 758 1251 816 in
1266 765 1367 818 'avam

220 857 325 919 itidem
356 856 514 918 cristatam
544 863 639 937 atque
672 858 790 919 variam
812 859 990 937 pictamque
1020 857 1159 937 plumam
1180 857 1366 932 habentem,

220 957 291 1018 vide
314 975 395 1038 quae
418 957 459 1017 ad
478 957 560 1018 illud
581 958 729 1040 Aeschyli
757 959 980 1038 fragmentum·
998 959 1159 1020 adnotavit
1189 958 1366 1022 Salmasius

221 1056 351 1118 Plinian.
374 1057 507 1133 Exercit.
531 1061 620 1119 'lom
639 1059 662 1119 l.
684 1077 714 1138 p.
734 1059 795 1121 168
819 1067 850 1120 et
874 1059 946 1135 169,
968 1066 1014 1134 ct,
1044 1058 1130 1120 illios
1151 1079 1279 1141 upupae
1299 1081 1366 1124 ne-

218 1166 326 1238 potem
349 1161 431 1224 hanc
454 1157 746 1242 alcoram-upupam
769 1161 926 1223 tibicinem
947 1162 1057 1242 prodi,
1087 1150 1154 1244 jam
1181 1183 1278 1244 supra
1309 1165 1365 1226 vi-

221 1261 332 1323 dimus.
377 1263 572 1336 Quodvero
605 1263 715 1324 attinet
743 1264 784 1324 ad
813 1281 884 1323 eam
907 1283 1013 1340 avem,
1049 1281 1130 1344 quae
1162 1269 1365 1350 κατωφαγᾶς

218 1361 415 1441 appellatur,
446 1367 546 1428 minus
570 1367 811 1443 quidemcerta«
827 1385 878 1427 res
902 1376 967 1444 est,
1001 1369 1059 1432 sed
1087 1369 1363 1448 persuasissimum

216 1465 333 1542 haheo,
355 1469 522 1530 Boeotiam
545 1460 854 1546 cogitandam'esse.
898 1467 935 1526 ld
949 1475 992 1528 ut
1016 1469 1165 1544 credam,
1191 1469 1273 1528 duae
1295 1468 1363 1528 irn-

217 1569 324 1644 primis
346 1583 480 1630 caussae
506 1569 639 1644 faciunt,
670 1569 759 1648 prior
787 1569 884 1639 haec,
918 1571 1005 1647 quod
1035 1570 1185 1628 credibile
1213 1591 1279 1629 non
1303 1577 1362 1641 ost,

216 1670 425 1746 Boeotorum,
456 1687 536 1750 quos
568 1670 626 1728 arti
654 1669 738 1732 tibiis
761 1668 902 1729 canendi
926 1669 1092 1731 maximam
1115 1687 1266 1750 operam,
1300 1687 1361 1730 nec

217 1789 293 1832 sane
322 1771 497 1847 incassum,
528 1789 662 1834 navasse
692 1771 887 1833 notissimum
922 1780 983 1847 est,
1016 1781 1047 1833 et
1079 1771 1230 1852 imprimis
1263 1772 1359 1834 ouem

217 1871 470 1934 Athenisartem
491 1873 578 1934 illam
608 1873 802 1950 exercuisse,
833 1891 872 1932 ex
899 1873 1041 1952 pluribus
1063 1873 1114 1936 vel
1143 1873 1242 1956 hujus
1258 1873 1359 1954 ipsius

216 1980 331 2053 poetae
353 1971 438 2035 locis·
455 1982 602 2056 apparet,
632 1959 751 2038 nullam
775 1975 903 2036 omnino
927 1995 1000 2036 esse
1020 1978 1174 2038 rationem
1197 1975 1358 2049 hahitam;

211 2067 317 2136 ¹altera
338 2077 434 2151 haec,
470 2077 556 2158 quod
580 2085 688 2158 aperte
710 2077 741 2138 in
764 2077 890 2138 nomine
915 2081 1114 2160 κατωφαγᾶς
1137 2075 1251 2138 allusio
1275 2077 1360 2140 inest

209 2178 258 2260 ad
278 2179 499 2254 voracitatem,
526 2181 670 2240 *Boeotos
688 2191 772 2238 veru·
791 2186 824 2239 et
846 2179 943 2238 tuisse
966 2177 1100 2258 gulosos
1119 2187 1150 2241 et
1171 2185 1307 2259 propteo
1325 2179 1358 2238 id

216 2281 317 2360 ipsum
340 2279 410 2360 plus
434 2280 544 2357 etiam,
568 2299 661 2362 quam
684 2299 742 2361 par
763 2275 846 2358 erat,
869 2275 909 2342 ah
931 2278 1040 2342 Atticis
1059 2290 1186 2344 notatos
1210 2301 1280 2346 esse
1304 2291 1358 2346 at-

216 2395 277 2462 que
300 2383 439 2459 derisos,
469 2383 550 2445 inter
572 2401 682 2447 omnes
704 2392 838 2447 constat.
887 2387 974 2447 Haec
1002 2387 1096 2468 igitur
1127 2386 1153 2447 si
1182 2394 1267 2446 recte
1297 2406 1356 2447 ex-

216 2487 422 2566 putavimus,''
437 2486 489 2547 hic
510 2495 622 2567 poeta,
655 2504 748 2568 quum
772 2505 863 2563 aves,
895 2506 975 2568 quae
997 2488 1140 2548 tibicines
1163 2505 1356 2569 repraesen-

216 2595 335 2664 tarent,
358 2587 468 2668 elegit,
486 2592 624 2670 ¹egregie
647 2591 692 2652 sic
715 2591 777 2670 egit
796 2607 863 2650 rem
886 2606 991 2663 suam,
1021 2596 1055 2649 ut
1074 2608 1183 2650 aarum
1207 2591 1357 2672 gentium,

217 2707 298 2770 quae
322 2697 353 2751 et
385 2690 518 2769 primurn
549 2701 580 2755 et
601 2687 770 2774 praecipue
793 2701 891 2776 artem
911 2693 997 2756 tibiis
1025 2694 1158 2754 canendi
1182 2692 1357 2762 coluerunt,

217 2809 256 2852 ex
278 2791 389 2852 ordine
410 2791 565 2854 rationem
587 2794 730 2856 haberet
752 2829 794 2840 —
822 2794 869 2854 Ad
891 2801 1084 2875 postremum
1107 2794 1274 2856 dicendum
1298 2795 1358 2855 erit

217 2895 256 2954 de
280 2892 365 2974 gallo
398 2894 586 2974 gallinaceo.
639 2898 719 2962 Eum
750 2898 875 2958 Medum
913 2915 983 2957 esse
1005 2897 1071 2958 sive
1102 2899 1245 2970 Persam,
1277 2897 1357 2976 ipse,

217 3001 251 3056 ut
269 2997 335 3077 jana
365 2996 515 3073 vidimus,
548 2999 692 3060 Comicus
720 3001 876 3081 expressis
907 3000 1011 3063 verbis
1038 2999 1235 3080 significavit.
1290 3000 1357 3062 Sed

212 3095 391 3178 quaeritur,
412 3100 490 3180 quid
512 3101 567 3176 sit,
591 3103 678 3181 quod
701 3101 869 3163 Medicum
891 3102 957 3164 sive
980 3101 1152 3164 Persicum
1175 3101 1357 3164 adhibuerit

215 3202 420 3278 citharistam,
453 3211 484 3264 et
511 3211 663 3284 quatenus
686 3204 884 3285 potissimum
906 3201 1034 3290 pullum
1056 3201 1282 3290 gallinaceum
1306 3207 1357 3266 ci-

216 3305 378 3366 tharistam
407 3307 526 3368 feeerit.
576 3309 616 3366 Et
636 3306 714 3367 illud
741 3306 868 3386 quidem
899 3306 975 3386 quid
997 3307 1057 3366 sihi
1086 3304 1173 3380 velit,
1203 3313 1278 3384 post
1308 3325 1356 3384 ea,

216 3419 297 3485 quae
328 3425 423 3486 supra
451 3429 481 3486 p.
501 3408 542 3468 39
575 3409 694 3468 monita
725 3415 796 3470 sunt
826 3409 867 3471 de
895 3408 1031 3468 Asiatica
1056 3408 1194 3468 citharae
1221 3407 1357 3488 origine,

212 3497 365 3590 jamnon
388 3509 447 3569 erit
467 3526 598 3588 prorsus
620 3510 652 3569 in
675 3510 821 3571 obscuro.
865 3509 1000 3570 Omnino
1023 3509 1158 3572 Asianos
1183 3509 1357 3590 praecipue

215 3611 353 3672 citharae
376 3611 533 3673 studuisse
555 3609 653 3692 atque
671 3611 733 3672 huc
755 3613 867 3677 reterri
889 3613 1005 3674 dehere
1033 3611 1191 3675 Plutarchi
1218 3611 1259 3674 de
1281 3612 1356 3674 lor-

216 3720 290 3773 tuna
311 3713 481 3776 Alexandri
504 3714 607 3797 magni
631 3715 761 3777 dicentis
783 3715 889 3778 locum
912 3715 1078 3796 quendam,
1097 3716 1164 3796 jam
1186 3715 1357 3775 hernesius

216 3813 379 3876 adnotavit
408 3817 451 3877 ad
484 3817 679 3898 Euripidium
713 3818 810 3880 illud:
850 3813 1009 3886 ’Aeeteos
1043 3808 1190 3896 sidcipoc
1227 3809 1358 3897 ψόφον,

217 3915 302 3994 quod
324 3913 436 3995 legitur
458 3913 586 4000 Cycopl.
609 3921 661 3980 Vs.
681 3922 753 3982 442.
797 3921 859 3983 Sed
884 3936 948 3982 noo
972 3916 1109 3979 omnium
1133 3915 1274 3978 citharae
1294 3938 1356 4000 ge—

215 4035 324 4093 nerum
347 4018 439 4100 origo
461 4021 663 4100 repetebatur
691 4042 731 4084 ex
744 4023 837 4082 asia.
857 4067 858 4072 η
878 4021 980 4102 iligna
1002 4021 1083 4082 haec
1102 4037 1155 4079 ses
1180 4025 1242 4094 est,
1272 4041 1358 4100 quae

213 4116 320 4198 paullo
344 4117 519 4186 accuratius
548 4126 728 4185 excutiatur.
771 4126 819 4184 Dc
846 4123 966 4186 cithara
987 4141 1213 4204 agens,··quae
1235 4118 1356 4200 Ἀσιὰς

214 4219 402 4301 appellatur,
436 4222 462 4281 is
485 4223 537 4300 qui
559 4224 811 4304 Etymologicum
834 4231 979 4304 maguum
1002 4225 1194 4306 composuit,
1224 4220 1355 4307 p‘cpi-
