2910 4672
539 95 748 158 ..39-

71 273 142 336 tab.
156 271 258 334 xllx
281 278 312 332 et
331 271 366 333 L.
381 302 422 318 -·-
465 269 543 330 Tum
565 266 780 349 inquirendum
809 275 855 329 est
875 249 1048 332 'secundam
1073 271 1199 338 ldstbe-

71 386 215 451 taerum,
237 374 289 448 air
309 371 391 440 ποθ’
412 366 591 456 diripuere
610 367 632 456 ἡ
653 369 720 438 esc
734 362 880 455 ’ὅρνέωνς
900 366 1085 455 Conspirant
1104 377 1137 438 in
1159 387 1211 438 eo‘

69 479 137 540 viri
159 478 258 553 docti,
288 483 321 538 ut
350 471 490 558 λόφωσιν
518 476 620 538 atium
646 475 753 536 cristas
777 473 949 556 significare
974 478 1111 541 credant.
1160 479 1199 540 Et

69 583 184 643 cristas
216 579 335 640 habere
361 585 426 643 un
444 577 566 660 -gallum
592 577 793 660 gallinaceum
820 595 911 658 qnam
944 597 1094 661 upupam,
1130 599 1198 644 cum

67 685 157 745 inter
179 703 285 746 omnes
308 689 443 758 constat,
472 689 553 757 turn,
584 682 610 742 si
631 677 833 756 nesciremus,
865 699 903 742 ax
922 680 983 743 bac
1004 681 1073 762 ipsa
1093 684 1199 746 labala

66 807 238 870 possemus
251 787 391 876 3diseere3
413 785 482 847 ride
502 786 541 847 de
562 786 618 848 illo
638 786 691 847 Vs.
705 784 787 846 1366
805 790 835 845 et
849 783 921 859 tet,
945 784 984 845 de
1002 785 1064 847 bac
1082 787 1198 849 Vatis

64 894 143 953 tam
162 892 188 953 si
205 891 272 972 quis
289 889 455 952 attenderit·
469 889 509 950 ad
526 890 574 965 id,
597 888 682 970 quod
696 888 822 950 Valet
840 887 911 969 galli
929 887 1089 969 gallinacei
1107 890 1200 952 crista

65 1003 160 1057 recta
181 995 352 1076 appellatur
374 981 559 1077 supplosio,
570 992 603 1054 h.
617 1013 644 1054 e.
657 992 736 1054 tiara
748 999 850 1070 recta,
873 993 996 1072 qualem
1013 1010 1104 1075 reges
1118 993 1199 1054 Per-

66 1117 177 1160 sarum
206 1085 383 1180 gestabant,
417 1095 509 1157 facile
536 1095 597 1158 sibi
623 1095 655 1156 in
683 1098 819 1158 animum
848 1095 989 1169 inducat,
1024 1102 1059 1156 ut
1090 1097 1198 1158 cristas

66 1201 178 1262 avium
202 1201 323 1262 referre
350 1198 460 1272 tiaras,
489 1205 533 1259 et*
547 1199 609 1259 boc
637 1198 758 1258 musicis
785 1199 945 1279 proprium
973 1198 1067 1260 luisse
1093 1199 1200 1279 capitis

65 1305 287 1390 tegimentum,
310 1309 432 1366 statuat.
473 1303 512 1364 Et
532 1287 690 1384 prolecto,
714 1301 776 1362 boc
795 1301 869 1381 pilei
891 1317 1005 1382 genere
1025 1301 1057 1361 in
1078 1300 1198 1362 Asianis
1220 1316 1224 1331 ¹

65 1409 207 1470 maxime
232 1392 407 1470 nationibus
433 1427 490 1468 usu
515 1407 672 1480 veniente,
699 1402 770 1466 fieri
792 1403 917 1465 omnino
939 1421 1002 1464 non
1024 1420 1135 1484 posse,
1164 1409 1199 1463 ut

65 1511 207 1573 musicos
230 1510 391 1572 credamus
418 1529 490 1572 usos
514 1529 597 1584 esse,
626 1508 678 1570 vix
703 1505 909 1582 contenderit,
941 1506 993 1588 qui
1013 1505 1196 1580 meminerit,

65 1621 172 1675 artem
200 1613 281 1676 tibiis
308 1611 437 1676 canendi
463 1613 596 1694 primum
625 1610 667 1671 ab
686 1610 806 1686 Asianis
835 1627 904 1670 esse
925 1609 1080 1672 inventam
1102 1603 1195 1689 atque
1316 1659 1325 1686 ,

65 1717 225 1778 excultam
256 1725 285 1779 et
312 1716 364 1778 vel
393 1716 545 1778 Alcmanis
574 1719 688 1796 poetae
717 1711 909 1793 temporibus
939 1713 971 1772 in
1002 1711 1133 1774 Graecia
1163 1719 1197 1772 ut
1248 1784 1254 1799 ,

64 1820 237 1902 plurimum
267 1819 305 1879 ab
333 1818 452 1879 Asianis
480 1817 577 1878 servis
604 1817 655 1878 vel
684 1817 883 1878 mercenarie
911 1816 1078 1877 exercitam
1085 1835 1094 1892 ς
1123 1813 1196 1876 vide

65 1925 141 1986 libri
158 1923 365 1996 Muelleriani‚
388 1940 450 2002 quo
467 1919 506 1980 de
521 1919 656 1981 Etruscis
675 1917 835 2000 exposuit,
852 1918 922 1980 Vol.
933 1919 970 1978 ll.
991 1938 1022 1997 p.
1036 1917 1097 1980 201
1114 1935 1196 1998 sqq.;

67 2035 164 2109 atque
188 2028 336 2089 citharam
350 2009 390 2086 'et
409 2022 514 2085 vocari
535 2015 676 2088 Ἀσιάδα
699 2027 729 2082 et
749 2021 781 2080 in
802 2020 899 2104 Lydia
926 2022 1059 2102 primum
1081 2037 1195 2101 reper-

70 2139 132 2192 tam
156 2130 255 2206 credi,
287 2129 341 2192 cir.
364 2145 443 2209 quae
466 2131 687 2207 congesserunt
712 2123 898 2205 interpretes
920 2123 960 2185 ad
980 2125 1195 2209 Aristophanis

68 2233 346 2313 Thesmophoriaz.
374 2233 429 2290 Vs.
451 2229 527 2302 120,
558 2228 668 2308 quibus
698 2228 778 2289 adde
807 2231 908 2290 locum
937 2228 1068 2291 Diodori
1092 2232 1121 2306 l,
1145 2233 1194 2294 16.

66 2321 106 2399 Ut
134 2335 268 2414 reliquus
290 2332 477 2393 musicorum
497 2332 624 2391 vestitus
653 2335 745 2409 atque
769 2336 894 2390 ornatus
918 2330 990 2410 jure
1016 2331 1057 2392 ad
1077 2333 1195 2394 Asiati-

65 2455 138 2498 cam
162 2435 299 2496 refertur
318 2433 483 2516 originem,
505 2431 548 2493 ita
570 2431 675 2514 quidni
697 2438 877 2506 statuamus,
899 2429 969 2491 fieri
988 2433 1140 2513 potuisse,
1162 2443 1197 2496 ut

66 2540 165 2600 etiam
193 2537 299 2618 eapitis
327 2536 525 2619 tegimentum
549 2535 679 2596 Asianis·
693 2525 967 2616 propriumcerte
990 2541 1069 2612 tum,
1100 2555 1194 2618 quum

65 2643 164 2723 pleno
194 2648 224 2702 et
249 2641 386 2722 legitimo
415 2645 525 2699 ornatu
554 2655 632 2719 opus
661 2647 759 2713 esset,
788 2637 973 2700 retineretur
1000 2657 1019 2702 a
1046 2641 1195 2702 musicis?

66 2745 186 2804 Verum
214 2744 295 2804 enim
321 2760 398 2805 vero
425 2741 505 2802 baec
531 2757 717 2821 quamquam
751 2739 853 2822 primo
889 2739 996 2802 obtutu
1025 2758 1193 2824 sanequam

66 2847 212 2932 speciosa
238 2864 307 2906 esse
329 2843 479 2905 sententia
502 2843 636 2918 videtur,
667 2861 736 2903 cum
758 2842 824 2904 aliis
848 2843 1017 2906 rationibus
1040 2852 1071 2906 et
1090 2847 1193 2908 ratio-

66 2947 271 3014 cinationibus
296 2946 422 3028 infringi
447 2953 566 3027 potest,
594 2951 658 3006 tum
681 2963 751 3005 eam
772 2945 814 3008 ob
835 2964 975 3008 caussam
1002 2949 1086 3010 omni
1108 2957 1194 3011 caret

64 3049 347 3123 verisimilitudine,
378 3048 462 3130 quod
489 3047 563 3128 pilei
590 3041 666 3108 illud
693 3057 791 3126 geom
817 3065 918 3126 neque
948 3051 1192 3129 ascriptoribus

66 3153 225 3217 veteribus
248 3134 507 3212 commemoratur
527 3137 673 3229 tanquam
690 3148 876 3210 musicorum
895 3151 1068 3229 proprium,
1090 3167 1193 3232 neque

63 3260 95 3321 in
109 3259 184 3320 artis
201 3255 347 3336 operibus
361 3252 561 3334 conspicuam
573 3259 620 3312 est
635 3261 768 3331 unquam
781 3252 813 3312 in
831 3251 981 3332 capitibus
994 3255 1191 3318 musicorum:

64 3363 230 3442 Utriusque
248 3358 369 3441 generis
386 3354 561 3417 testimonia
580 3353 710 3428 docent,
731 3370 863 3416 coronas
880 3364 933 3417 aut
945 3373 1039 3418 veras
1056 3365 1109 3419 aut
1124 3345 1191 3420 arte

65 3465 164 3526 iactas
191 3469 244 3523 aut
268 3469 414 3541 utrasque
439 3457 529 3520 simul
556 3455 608 3544 (dp
631 3475 693 3539 quo
714 3465 873 3539 postremo
897 3458 951 3521 cir.
973 3460 1061 3524 verbi
1083 3479 1192 3523 caussa

65 3567 141 3630 Stat.
153 3564 251 3627 Theb.
262 3563 318 3637 vl,
331 3559 402 3642 366)
424 3561 584 3640 proprium
599 3563 788 3622 musicorum
802 3563 910 3640 capitis
927 3571 1069 3625 ornatum
1086 3564 1190 3626 fuisse.

65 3670 148 3753 Ergo
185 3665 297 3749 aliquis
336 3662 467 3736 dixerit,
508 3661 687 3722 verosimile
707 3668 807 3737 esse,
850 3664 1091 3744 Aristophanem
1123 3664 1187 3726 eri-

65 3773 119 3834 stis
147 3770 210 3833 illis
239 3775 292 3832 aut
317 3770 375 3831 bas
402 3781 538 3830 coronas
566 3765 807 3846 repraesentari,
838 3773 892 3828 ant
917 3765 1013 3843 nibil,
1041 3767 1188 3832 voluisse.

65 3875 185 3951 Audio3
215 3871 270 3935 sed
289 3872 354 3934 hoe
375 3891 482 3933 verum
505 3861 574 3932 esse
595 3887 676 3951 nego
700 3885 736 3928 ac
757 3885 914 3952 pernego,
945 3864 1039 3948 illud,
1068 3873 1187 3952 dubito,
1227 3885 1230 3895 '

67 3997 138 4042 num
160 3974 323 4060 probabile
345 3982 399 4038 aut
420 3981 525 4056 aptum
546 3972 594 4036 sit.
638 3969 730 4047 Quid,
752 3971 779 4034 si
802 3991 910 4035 omnes
929 3959 1007 4040 illas*
1025 3994 1098 4043 aves
1118 3999 1188 4042 non

68 4081 208 4146 cristatas
240 4081 410 4163 productas
440 4099 512 4144 esse
543 4076 736 4142 dixerimus?
778 4078 849 4143 Hoc
883 4087 1001 4147 comum
1028 4088 1089 4159 est,
1113 4099 1190 4143 non

68 4199 175 4246 omnes
197 4183 338 4246 cristatas
360 4182 531 4264 productas
554 4199 632 4243 esse.
675 4181 722 4244 De
744 4199 782 4244 ea
804 4180 950 4263 quidem,
982 4201 1064 4263 quae
1085 4201 1187 4248 usc-

83 4397 103 4455 'a
