2910 4672
587 121 799 184 ..49-

122 287 303 350 Odeis-edus
325 289 492 350 Muellerus
514 289 600 366 libri,
634 309 697 371 quo
720 292 761 352 de
782 292 919 353 Etruscis
944 293 1105 370 exposuit,
1128 291 1200 352 Vol.
1221 291 1258 351 ll.

119 407 150 468 p.
175 387 238 452 202
260 391 342 452 haee
361 391 542 471 perscripsit
563 393 604 454 ad
627 394 730 454 locum
752 393 867 455 Snidae
889 393 1093 473 pertinentia:
1128 393 1258 473 «gewiss

118 494 225 556 sdbrte
254 495 340 556 nieht
368 501 432 556 erst
453 496 655 577 Antigenidas
689 499 721 558 in
753 497 983 560 Griechenland
1005 499 1060 558 das
1084 497 1259 573 sah-ange·-

117 596 211 657 wand
240 594 306 676 (des
334 597 513 678 Lydisohen
540 599 681 661 Bacchus
710 597 859 681 attribut)
891 601 955 660 und
988 600 1039 659 die
1060 595 1258 658 blilesischen

118 699 245 762 Schuhe
268 700 321 761 bei
338 696 405 762 'den
426 701 675 781 Flb‘tenspielern
698 704 779 763 ein».
822 703 861 762 Et
890 701 1051 762 latendum
1073 709 1134 772 est,
1164 696 1257 757 ctiam

116 802 166 876 id,
197 804 284 882 qnod
314 803 427 864 eadem
453 821 510 865 res
548 805 632 884 apud
662 805 790 866 Suidam
821 805 959 865 refertur
989 803 1029 862 de
1061 797 1257 879 tangenda,

116 905 203 984 apud
236 905 415 978 Libenium,
457 908 543 988 cujus
577 908 681 968 locum
718 907 874 988 ignoravit
909 904 1095 978 Muellerus,
1144 899 1257 960 tribui-

116 1015 167 1078 tur
196 1008 314 1081 Batalo,
338 1041 380 1053 -
412 1008 542 1069 eosdem
572 1009 654 1069 enim
681 1027 751 1070 esse
774 1011 895 1071 calceos
918 997 1058 1068 Milesios
1089 1011 1120 1064 et
1142 1001 1258 1062 mulie-

114 1108 191 1172 bres
213 1115 332 1170 tantum
354 1127 418 1170 non
440 1119 557 1171 certum
587 1111 772 1172 videtur-
801 1111 901 1174 videri
929 1129 987 1190 pro
1015 1105 1169 1170 sententia
1199 1103 1256 1164 viri

114 1209 229 1271 summi
260 1227 417 1292 pugnare,
448 1209 508 1272 nisi
540 1213 609 1291 qais
643 1213 789 1274 maluerit
826 1220 981 1285 statuere,
1016 1207 1159 1269 Batalnm
1192 1222 1257 1264 vo-

112 1319 218 1372 catum
241 1313 427 1376 essentiam
450 1313 676 1394 Antigenidem.
722 1311 813 1387 Quid,
837 1314 863 1372 si
881 1331 940 1372 nos
962 1313 1005 1373 ita
1028 1329 1097 1372 esse
1121 1315 1256 1370 conteu-

113 1414 253 1476 derimus
277 1425 308 1478 et
329 1415 462 1495 prolude
494 1412 526 1475 in
556 1415 730 1489 depravato
765 1413 887 1475 scholio
921 1414 962 1471 ad
991 1411 1153 1470 Aeschinis
1177 1417 1256 1467 orat.

112 1531 141 1572 c.
165 1499 363 1573 Timarchum
393 1510 505 1592 §.126
526 1511 643 1572 hocce:
672 1511 762 1578 doust
784 1511 822 1578 dd
842 1537 902 1595 μοι
925 1513 1084 1600 λελέχθαι
1106 1502 1257 1590 βάταλος

112 1611 209 1696 respui
230 1609 268 1678 ud
291 1606 484 1688 Εὐπόλιδος
510 1616 662 1698 σκῶμμα·
695 1620 816 1687 ἐκεῖνος
837 1607 901 1697 γὰρ
922 1608 990 1680 ὑπὸ
1004 1613 1255 1678 aoiuBonako

108 1707 266 1794 ’ὀνόματα
300 1725 370 1788 sole
392 1719 555 1802 αἰσχροῖς,
587 1716 639 1780 καὶ
666 1712 829 1799 seppdepc
857 1709 1012 1797 βάταλον
1049 1707 1109 1780 ὑπ’·
1142 1705 1254 1777 αὐτῶν

109 1816 301 1889 subcludere,
321 1816 499 1894 proverbe
521 1809 701 1898 aeyptivpu,
734 1815 820 1893 quod
843 1815 874 1874 in
895 1816 970 1876 vitio
994 1835 1062 1876 esse
1083 1817 1148 1896 jem
1170 1813 1254 1873 llei-
1350 1875 1355 1880 ,

109 1918 223 1981 nekius
246 1917 265 1976 l.
289 1938 315 1978 c.
343 1911 373 1997 p.
392 1917 456 1978 335
481 1917 630 1978 odoratus
663 1925 724 1988 est,
753 1917 988 1976 rescribendum
1012 1915 1256 1995 subjecerimus:

108 2017 431 2105 ’Auerysvldpbl
474 2018 575 2092 Quam
588 2018 693 2078 facile
711 2018 844 2078 initiales
865 2017 976 2079 literae
998 2018 1090 2098 hujus
1122 2016 1255 2076 nominis

109 2131 243 2203 propter
272 2121 487 2183 antecedentis
517 2119 662 2182 vocabuli
679 2119 799 2182 -literas
827 2119 937 2179 finales
969 2119 1114 2180 excidere
1136 2127 1254 2198 potue-

110 2227 191 2301 rint,
219 2225 249 2285 ln
272 2224 439 2304 propatulo
463 2231 511 2285 est
530 2224 632 2284 sitnm.
698 2223 866 2284 Praeterea
888 2221 1017 2296 similia,
1053 2229 1146 2299 atque
1170 2220 1253 2300 apud

110 2327 278 2388 Libaninm
316 2327 356 2387 de
388 2318 497 2388 llatalo
535 2321 773 2406 praedicantur,
810 2324 849 2385 de
889 2323 1075 2404 Antigenidas
1105 2323 1205 2382 relatu
1236 2342 1253 2384 e

112 2431 335 2512 Theophrasto
372 2439 405 2491 ct
431 2429 531 2492 Plinio
562 2430 666 2492 citavit
698 2429 763 2511 jani
803 2427 971 2489 Salmasius
1012 2425 1087 2485 Prin
1119 2424 1253 2485 Exercit.

109 2553 142 2614 p.
159 2533 200 2595 85
223 2536 247 2595 l
273 2540 304 2594 et
324 2535 363 2607 B,
397 2548 478 2612 quae
503 2540 535 2594 ut
558 2531 597 2594 de
620 2531 745 2613 juniore
768 2529 953 2611 ilntigenida
976 2527 1082 2589 valere
1100 2527 1172 2607 jure
1195 2546 1253 2587 suo

111 2636 268 2697 censuerit
289 2635 616 2717 bleinelrius,Fragm.
640 2632 726 2694 Com.
750 2633 802 2695 Gr.
823 2632 895 2693 Vol.
914 2631 965 2692 lll.
988 2652 1018 2711 p.
1041 2631 1117 2702 lea,
1141 2627 1253 2690 retent

111 2745 339 2817 terrenaeque
368 2738 451 2798 bene
474 2739 515 2798 ad
537 2736 759 2817 Satyrisdium
780 2755 896 2816 posse,
921 2735 986 2816 jam
1017 2753 1055 2793 ex
1084 2732 1137 2807 iis,
1171 2749 1252 2810 quau

110 2840 195 2919 apud
218 2839 345 2900 Suidem
375 2842 491 2920 scripte
525 2841 671 2921 leguntur
705 2840 745 2900 de
778 2839 904 2912 vestitu,
938 2827 1006 2916 quo
1035 2836 1087 2897 hie
1109 2837 1148 2895 sit
1171 2855 1252 2909 usus,

110 2939 261 3002 credibile
284 2940 327 3002 fit
371 2942 450 3002 lllud
472 2942 498 3002 si
520 2960 595 3003 vere
618 2942 822 3023 conjecimus,
854 2947 966 3019 sponte
989 2947 1135 3019 apparet,
1158 2959 1252 3019 qnam

110 3033 204 3102 lneile
225 3040 296 3103 fieri
327 3045 482 3122 potuerit,
513 3049 547 3105 ut
576 3044 616 3103 de
646 3044 786 3125 Ephesio
810 3043 950 3116 tibicine,
988 3042 1036 3104 cui
1064 3042 1173 3104 batalo
1196 3039 1254 3100 luit

110 3144 179 3204 sive
208 3159 324 3203 nomen
348 3146 414 3204 slve
437 3161 622 3225 cognomen,
659 3145 770 3206 eadem
801 3145 899 3205 relata
920 3145 1060 3227 legamus
1083 3151 1177 3221 atque
1208 3140 1249 3202 de

46 3265 53 3272 ·
108 3244 308 3324 Antigenide.
358 3245 447 3306 lllum
471 3252 575 3305 autern
598 3245 661 3308 hoc
688 3245 845 3326 juniorem
876 3245 985 3318 fuisse,
1009 3252 1251 3306 consentaneum

108 3355 158 3410 est
180 3365 251 3408 enm
274 3355 426 3422 statuere,
458 3348 511 3429 qui
542 3348 747 3429 adstipuletur
773 3348 826 3422 iis,
856 3367 936 3428 quae
959 3368 977 3409 a
1000 3346 1155 3409 lleineldo
1179 3355 1250 3408 eta

108 3453 269 3515 nobismet
289 3454 363 3532 ipsis
387 3454 543 3534 disputata
566 3458 645 3526 sunt,
670 3459 701 3512 et
724 3470 763 3512 ex
785 3452 836 3525 iis,
860 3471 940 3532 qnae
951 3451 1114 3514 traduntur
1137 3451 1250 3511 aPlu-

107 3555 220 3617 tarcho
244 3555 294 3615 vit
322 3557 484 3616 Demosth.
507 3575 574 3635 cap
589 3557 619 3629 t,
642 3557 813 3636 Ephesium
835 3557 991 3616 tibicinem
1015 3555 1054 3614 ab
1074 3552 1250 3633 Antiphane
1303 3577 1304 3580 ¹

108 3657 297 3738 exagitatum
327 3675 397 3717 esse
427 3655 592 3736 probabile
624 3656 725 3718 ducat.
779 3658 841 3719 Sed
874 3657 954 3716 haec
994 3654 1099 3715 omnia
1128 3651 1251 3716 infirma

109 3769 295 3841 essentque
326 3759 422 3821 dnbia
456 3759 618 3822 latendum
653 3767 708 3821 est.
753 3761 959 3842 Quae-quum
987 3751 1030 3820 ita
1052 3759 1125 3834 sint,
1159 3759 1249 3822 facile

108 3863 220 3942 aliquis
242 3863 420 3942 scrupulum
442 3863 559 3945 injiciat
581 3863 625 3925 sic
649 3863 853 3926 ratiocinans:
885 3863 1032 3944 quoniam
1056 3868 1174 3924 certum
1197 3865 1248 3924 vi-

108 3965 237 4038 deatur,
269 3979 372 4042 neque
395 3963 554 4026 lusciniam
586 3987 687 4048 neque
719 3985 848 4028 corvum
872 3966 1013 4029 tibicines
1034 3974 1174 4050 gestasse
1197 3967 1248 4026 illa

109 4066 302 4149 κρουπέζια,
327 4068 425 4149 magis
449 4070 543 4130 etiem
566 4089 642 4131 vero
665 4071 735 4133 lieri
762 4069 877 4143 simile,
906 4070 1063 4144 tibicines,
1096 4075 1248 4150 quotquot

108 4168 254 4230 affuerint
277 4168 307 4229 in
331 4169 446 4230 Avibus
481 4173 620 4252 agenda,
653 4173 715 4234 hoc
749 4171 962 4232 calceamento
986 4191 1049 4234 non
1074 4189 1142 4228 esso
1165 4183 1247 4236 usos,
