2910 4654
584 111 797 174 -79...

115 288 186 348 eet‘l
209 283 294 364 opud
312 301 391 365 quos
409 279 546 366 laminae
565 279 711 360 prolecto
726 281 799 370 viris
816 279 1039 343 imbecilliores
1057 283 1137 352 suat,
1161 297 1255 358 quum

113 389 147 449 in
169 386 357 451 volucribus·
371 382 636 448 nonnullisadeo
664 382 841 444 habeantur
869 382 1050 444 fortiores».
1095 377 1172 454 Sed,
1204 379 1256 440 al-

115 490 258 552 cedioem
286 487 434 552 feminam
462 505 552 563 esse,
584 485 650 568 jam
682 484 870 546 Suevernius
892 485 1012 546 monuit
1042 481 1062 542 l.
1084 500 1111 542 e.
1133 501 1164 561 p.
1184 481 1255 545 102.

103 587 188 656 ¹adn.
214 593 242 654 l.
296 585 542 676 Κεβλὴιιυρις,
582 607 648 650 non
683 587 878 664 dubitamus,
918 587 994 667 quin
1033 603 1052 648 a
1083 583 1256 648 scholiasta

114 691 270 754 masculus
300 698 332 753 et
360 691 402 754 sit
426 691 554 756 habitus
577 696 609 752 et
626 690 698 772 jure
718 689 832 752 haberi
852 689 998 770 poluerit
1040 688 1109 748 Hoc
1131 703 1256 761 nomen,

114 795 203 876 quod
230 795 296 876 jem
317 791 476 856 veteribus
497 791 719 872 interpretibus
746 790 906 855 molestias
928 788 1062 864 creavit,
1092 807 1132 850 ex
1153 789 1256 852 verbis

114 891 218 980 septb
238 893 271 958 h.
301 912 329 956 e.
356 886 484 975 κεφαλὴ
505 898 538 954 et
558 895 628 974 scrip
657 891 866 973 compositum
895 909 982 966 esse,
1015 897 1155 970 apparet.
1197 888 1257 950 Diu

115 1001 178 1072 eet,
211 1015 250 1060 ex
272 1013 336 1076 quo
364 991 527 1058 societatis
549 993 765 1076 philologicos
799 993 960 1057 sodalibus
982 990 1172 1073 significavi,
1201 1009 1257 1052 se-

115 1098 252 1160 cuudum
272 1097 353 1160 illud
373 1098 471 1164 rerba
492 1095 623 1172 Comici,
653 1113 736 1176 quae
762 1101 834 1158 sont
854 1093 990 1156 Acheru.
1012 1093 1091 1169 318,
1120 1093 1165 1164 ita
1187 1110 1257 1156 esse

115 1197 320 1280 corrigenda:

200 1291 289 1383 decep
309 1295 470 1383 ἐπιξήνου
488 1295 617 1382 θελήσω
637 1293 700 1382 τὴν
723 1297 881 1384 aedicio
901 1304 984 1385 ἔχων
1008 1299 1126 1381 λέγειν,

115 1418 211 1482 quom
227 1399 330 1480 ipsam
340 1397 601 1474 emendationem,
613 1397 787 1480 insigniter
805 1399 939 1462 lactatus
953 1416 1031 1474 eum,
1052 1417 1146 1479 quum
1165 1401 1258 1464 etiam

115 1503 158 1564 ah
179 1501 336 1567 hhrensio
364 1506 476 1566 nostro
490 1499 614 1562 ⁴t'actnm
645 1519 715 1562 esse
738 1519 778 1564 ex
810 1521 849 1592 eo
871 1502 973 1566 Musei
993 1501 1137 1566 Rhenani
1158 1501 1258 1566 fasci-

118 1606 208 1682 culo,
245 1605 300 1686 qui
327 1604 507 1686 nuperrime
537 1603 569 1666 in
603 1603 763 1684 publicum
798 1612 848 1667 est
878 1604 994 1680 editus,
1019 1605 1170 1686 cognovi,
1204 1605 1259 1669 cir.

117 1723 150 1786 p.
165 1703 228 1768 465
246 1722 293 1785 sq.
336 1702 429 1766 Addo
451 1701 614 1783 equidem,
643 1700 726 1763 hanc
747 1701 960 1782 suspicionem
990 1721 1030 1764 eo
1053 1721 1122 1766 esse
1144 1703 1260 1771 verisi-

119 1806 298 1881 miliorem,
330 1803 418 1885 quod
444 1800 650 1886 κεβλήπυριν
678 1802 826 1866 Atticam
853 1821 922 1866 esse
951 1821 1042 1866 avem
1076 1823 1172 1885 supra
1199 1805 1262 1866 de-

121 1906 370 1973 monstravimus.
421 1906 514 1985 Atqui
544 1905 621 1972 mihi
657 1905 802 1985 quidem,
831 1923 890 1971 our
920 1907 1052 1971 chorum
1086 1910 1260 1972 anavibus

119 2009 270 2076 masculis
309 2015 341 2072 et
367 2006 491 2072 ieminis
518 2013 717 2072 'constantem
754 2007 866 2090 fecerit
894 2015 1007 2091 poeta,
1044 2009 1147 2074 nullus
1180 2010 1260 2074 alius

118 2111 189 2179 linis
211 2114 333 2178 videtur
357 2109 529 2192 excogita-i
551 2129 666 2192 posse,
688 2111 748 2174 nisi
769 2111 831 2190 hic,
853 2120 888 2176 ut
906 2115 1116 2200 hymenaeum
1140 2137 1260 2184 canen-

117 2224 183 2292 tes,
198 2249 241 2264 -
257 2215 291 2278 id
311 2214 398 2295 qnod
419 2233 527 2278 versus
548 2212 646 2276 finem
666 2213 794 2279 fabulae
808 2215 915 2302 locum
932 2217 1203 2301 habepeeonstat,
1218 2261 1260 2274 --
1309 2217 1311 2222 ’

118 2325 184 2382 tam
216 2315 373 2380 masculae
406 2315 529 2376 hahere
564 2333 659 2395 quam
690 2316 829 2384 seminas.
859 2319 1005 2384 voluerit.
1056 2322 1143 2388 Haeo
1183 2345 1260 2390 vero

119 2437 234 2484 caussa
278 2435 351 2479 num
383 2415 445 2496 ipsi
477 2415 595 2482 idonea
629 2417 697 2482 visa
729 2419 840 2498 luerit,
872 2421 1043 2486 admodum
1073 2424 1261 2504 dubitamus,

56 2537 59 2544 '
118 2524 228 2603 Neque
250 2526 313 2596 est,
337 2525 486 2599 quantum
510 2537 569 2602 ego
593 2519 721 2602 quidem
742 2523 855 2599 uideo,
877 2524 976 2590 ullum
996 2523 1156 2605 indicium,
1178 2530 1262 2594 unde

117 2631 246 2708 praeter
267 2621 445 2687 alcedinem
474 2624 609 2690 seminas
640 2627 734 2690 simul
776 2649 847 2694 cum
878 2629 1025 2694 masculis
1057 2648 1133 2694 aves
1164 2630 1263 2698 luisse

119 2735 207 2793 certo
231 2725 380 2808 colligns;
401 2727 497 2814 immo
521 2735 556 2792 ut
585 2728 763 2808 credamus,
784 2751 849 2796 nnn
871 2734 970 2796 tuisse
991 2733 1052 2811 ita,
1075 2735 1175 2811 ordo,
1197 2755 1261 2815 quo

118 2847 155 2893 se
177 2829 334 2908 excipiant
354 2828 437 2894 inter
466 2831 723 2912 ingrediendum,
757 2835 893 2900 suadere
926 2836 1058 2900 uidetur.
1111 2836 1263 2902 Manebat

118 2930 310 2994 Theodorus
331 2929 541 3012 Hansiugiue,
572 2931 821 3014 lintburgensis,
854 2938 1015 3002 societatis
1045 2938 1262 3020 philologicos

117 3030 260 3105 sodalis,
281 3049 345 3094 nne
367 3038 500 3112 excepta
529 3031 672 3096 alcedine
703 3055 813 3098 omnes
844 3054 919 3100 eves
941 3041 984 3100 ad
1006 3040 1138 3104 chorum
1159 3042 1262 3120 peiti-

118 3143 249 3212 nentes,
277 3133 354 3197 licet
374 3137 547 3200 nonusdlae
576 3139 683 3218 quoad
710 3141 946 3223 grammaticam
976 3142 1100 3226 generis
1122 3137 1264 3204 feminini

119 3243 239 3313 essent,
261 3256 365 3302 mares
388 3259 458 3303 esse
479 3243 632 3324 potuisse.
674 3247 780 3322 Recte,
802 3246 828 3308 si
850 3247 927 3328 quid
948 3246 1053 3326 video,
1074 3251 1263 3330 quamquam

119 3361 149 3404 v.
163 3361 190 3404 c.
211 3340 315 3423 probe
336 3340 422 3419 scio,
444 3345 621 3411 accuratius
636 3345 839 3427 loquentibus
862 3365 981 3430 marem
1005 3344 1262 3434 περιστερόν

119 3441 237 3504 &tom
258 3461 337 3506 esse.
379 3445 462 3510 Fieri
484 3448 580 3532 igilur
599 3457 720 3531 potest,
750 3457 784 3515 ut
806 3471 845 3515 ex
865 3451 995 3533 reliquis
1017 3452 1146 3529 ambus,
1181 3471 1263 3532 quae

119 3541 216 3626 vulgo
237 3543 374 3606 feminae
395 3547 561 3628 mentor,
582 3553 635 3614 uel
655 3575 719 3616 una
739 3557 792 3618 vel
813 3557 922 3636 plures
949 3557 1108 3617 masculae
1130 3553 1262 3630 fueritin

120 3646 196 3729 quin
219 3667 330 3710 omnes
351 3647 508 3710 masculos
528 3650 654 3712 habere.
669 3653 787 3730 licebit,
809 3656 835 3716 si
856 3655 1066 3736 probabiliter
1086 3653 1179 3717 luerit
1201 3655 1263 3718 de-

121 3757 347 3827 momontum,
376 3750 567 3833 singularem
582 3791 585 3798 -
601 3770 745 3817 caussam
766 3755 873 3834 fnisse,
897 3777 953 3820 cnr
974 3755 1087 3820 alcedo
1117 3773 1136 3818 a
1165 3767 1262 3838 poeta

119 3851 330 3914 induceretur.
372 3854 413 3916 Et
425 3852 485 3916 tuit
504 3853 660 3936 proiecto.
703 3857 827 3940 Quippe
850 3851 993 3944 κηρύλος
1013 3856 1163 3924 alcedirris
1180 3879 1262 3923 con-

119 3953 286 4016 suetudine
306 3954 357 4017 vel
379 3963 571 4020 momentum
593 3959 744 4040 temporis
766 3979 874 4024 carere
900 3979 965 4024 nou
985 3979 1081 4044 posse
1104 3961 1262 4026 credeba-
1314 3997 1317 4006 ·

121 4063 180 4118 tur.
225 4055 325 4118 Notae
351 4063 400 4118 est
421 4064 452 4120 et
473 4058 524 4122 vel
544 4059 662 4124 l'abulis
684 4061 862 4126 celebratus
884 4063 1009 4128 intimus
1030 4064 1142 4128 harum
1156 4065 1262 4128 arium

121 4175 198 4240 erga
217 4175 256 4222 se
287 4174 379 4223 amor
401 4166 433 4224 et
454 4160 724 4230 consociatissima
753 4165 908 4232 voluutas.
963 4169 1028 4231 llas
1054 4173 1173 4230 tantum
1196 4181 1261 4226 non
