2910 4672
663 147 876 210 ...48-

203 317 371 391 strinxisse,
395 339 434 378 ue
459 320 539 380 ultra
557 319 673 400 justum
698 317 825 378 modum
847 316 1031 402 iullarentur
1044 314 1351 394 mancupiorum

204 439 239 480 os
262 419 442 482 redderent.
486 423 554 481 lam
578 439 673 493 vero,
712 419 800 479 chori
823 419 981 492 tibicinem
1003 416 1171 498 probabile
1193 424 1256 491 est,
1279 416 1351 478 sal-

203 530 265 583 tem
293 530 326 582 ut
356 522 522 602 plurimum
551 531 581 582 ct
610 529 792 583 concentum
829 520 964 581 edidisse
995 528 1028 582 et
1057 518 1137 580 tibiis
1166 516 1352 596 adspirasse

203 622 343 702 pluribus
372 623 463 684 simul
493 623 702 697 cantantibus,
735 641 811 703 ergo
835 642 897 692 uon
922 631 985 696 cst,
1020 642 1074 682 cur
1097 641 1152 682 eos
1170 629 1351 682 ¹statuamus

204 724 338 803 capistro
361 745 425 784 uon
451 725 590 806 potuisse
614 742 740 798 carcre;
775 733 887 786 contra
913 724 1043 787 luscinia
1072 730 1156 784 certe
1179 722 1351 783 maximam

201 833 323 906 partem
345 827 414 887 sola
437 827 586 900 canebat,
609 846 721 888 corvus
746 827 873 886 omnino
896 827 998 900 solus,v
1014 843 1091 907 ergo
1114 833 1187 904 apte
1207 823 1350 885 uteban—

201 933 251 986 tur
274 929 420 1007 capistro.
446 963 484 972 -
516 929 587 988 Nou
611 929 708 991 multo
740 928 895 990 difficilior
928 928 969 988 ad
999 926 1198 1001 solvendum,
1230 945 1349 1006 quam·
1447 953 1448 964 ι

201 1046 295 1113 quam
317 1029 477 1108 aliquanto
500 1030 597 1110 magis
619 1029 794 1110 implicata,
830 1048 868 1090 ea
892 1029 1036 1109 quaestio
1060 1037 1125 1104 est,
1156 1047 1217 1108 qua
1245 1027 1350 1108 agitur

200 1128 241 1188 de
272 1129 370 1192 soleis
401 1131 580 1195 tibiciuibus
615 1133 768 1214 propriis,
813 1151 894 1212 quac
928 1133 1103 1214 ιιρσυιιέζια
1130 1129 1350 1211 appellentur.

201 1230 350 1293 Libanius
374 1234 500 1313 quidem
523 1235 607 1314 apud
638 1233 802 1308 Photium,
833 1235 910 1295 Bibl.
934 1234 999 1296 266.
1016 1253 1048 1314 p.
1064 1233 1126 1295 495
1148 1232 1246 1294 Bell.
1266 1231 1350 1292 haec

201 1335 313 1396 refert:
336 1333 544 1418 ἱστόρησαί
574 1360 626 1410 τις
647 1328 806 1419 Ἐφέσιος
829 1332 988 1409 Βάταλος
1009 1330 1157 1418 αὐλητὴς
1175 1333 1352 1418 γενέσθαι,

202 1430 246 1504 ὃς
267 1436 432 1512 πρῶτος
455 1433 705 1516 ὑποδήμασι
726 1438 989 1517 γυναικείοις
1021 1437 1083 1504 εἰιλ
1103 1435 1179 1519 σῆς
1199 1433 1351 1516 σκηνῆς

202 1531 409 1620 ἐχρήσατο
433 1535 486 1599 καὶ
508 1535 622 1615 μέλεσι
645 1531 836 1619 ιιαιοαγόσι,
857 1534 911 1599 καλ
932 1531 1015 1604 ὅλας
1036 1530 1099 1614 erio
1119 1531 1243 1616 ’τέχνην
1266 1535 1350 1613 ἐμα-

202 1631 348 1701 idumea·
391 1636 490 1698 Porro
513 1637 597 1716 apud
620 1637 748 1698 Suidam
780 1657 804 1698 s.
826 1656 855 1698 v.
877 1629 1108 1717 ’Auceysuidnc
1124 1631 1210 1693 haec
1232 1633 1350 1713 scripta

202 1737 416 1818 reperiuntur:
446 1733 499 1804 ’A.
534 1735 691 1821 Σατύρου
723 1737 875 1820 Θηβαῖος
906 1728 1088 1818 μουσικός,
1117 1723 1267 1817 αὐλῳδὸς
1291 1736 1350 1800 Φι-

203 1839 350 1914 λοξένου·
385 1828 511 1912 οὗτος
531 1833 778 1924 ὑποδήμασι
801 1837 1030 1920 Μιλησίοις
1053 1835 1217 1918 πρῶτος
1238 1835 1350 1922 ἐχρή-

203 1963 301 2008 σατο
317 1943 378 2010 καὶ·
396 1935 568 2023 „annuendo
600 1945 637 2006 ἐιι
658 1941 703 2026 τῷ
735 1940 908 2024 Καμαστῇ
930 1934 1169 2024 περιεβάλλετο
1198 1930 1351 2018 indecor.

203 2045 273 2105 Jam
295 2043 468 2124 probabilis
492 2050 539 2104 est
561 2042 742 2123 conjectura
763 2040 927 2114 Meinchii‚
957 2039 1100 2100 Batulum
1121 2037 1224 2113 illum,
1256 2040 1350 2119 quis-

205 2146 272 2225 quis
306 2146 379 2218 fuit,
411 2145 451 2204 ab
474 2143 627 2223 Eupolide
660 2145 692 2203 in
722 2143 827 2222 Baptis
858 2143 890 2202 iu
919 2159 1045 2202 scenam
1068 2159 1138 2201 csse
1160 2141 1350 2220 productum

207 2245 424 2321 existimantis,
459 2245 519 2306 vid.
542 2245 657 2306 Hister.
681 2245 751 2319 crit„
768 2265 797 2325 p.
812 2243 893 2318 335;
923 2252 993 2305 acte
1016 2250 1121 2306 autem
1143 2253 1191 2306 est
1211 2245 1351 2324 Eupoli-

208 2350 254 2410 dis
269 2349 384 2410 ¹fabula
407 2349 522 2411 eodem
540 2347 647 2429 judice
672 2345 742 2428 (vid.
765 2368 796 2427 p.
812 2345 882 2428 125)
908 2346 1032 2428 Olymp.
1047 2345 1125 2422 xci,
1149 2348 1166 2407 l·
1188 2346 1270 2406 ludis
1292 2349 1351 2408 Li-

205 2451 364 2516 beralibus
396 2451 538 2525 urbanis,
573 2470 649 2530 crgo
683 2469 746 2512 uno
772 2469 855 2528 auno
886 2458 958 2511 autc
980 2468 1073 2528 quam
1105 2449 1190 2511 Aves
1219 2449 1352 2514 doceret

205 2553 441 2632 Aristophanes.
485 2553 589 2626 Quod.
607 2552 646 2612 ad
669 2552 886 2633 Antigenidam
908 2553 1010 2634 Satyri
1025 2553 1158 2627 attinet,
1189 2553 1351 2614 diversum

205 2656 292 2715 illum
315 2673 332 2716 a
356 2655 542 2736 cognomine
566 2654 707 2727 tibicine,
730 2653 871 2736 Dionysii
893 2651 976 2728 iilic,
1005 2655 1038 2716 id
1061 2649 1146 2734 quod
1168 2656 1350 2735 nuperrime

207 2756 433 2818 demonstravit
453 2756 625 2818 Meinekius
646 2758 770 2840 Fragm.
793 2777 873 2818 com.
897 2758 949 2818 Gr.
970 2758 1040 2819 Vol.
1060 2757 1109 2818 lll.
1132 2778 1163 2838 p.
1185 2759 1349 2834 l=87‚·uou

204 2865 309 2938 potest
325 2859 457 2938 ,quidem
480 2869 566 2920 certo
590 2859 727 2934 ostendi,
751 2879 823 2921 eum
840 2861 907 2942 jam
930 2867 1001 2922 autc
1020 2861 1101 2922 Aves
1124 2861 1250 2922 doctam
1273 2882 1350 2923 mu·-

204 2959 301 3022 sicam
325 2963 518 3038 exercuisse3
541 2961 745 3038 Philoxenus,
776 2972 872 3043 poeta
894 2964 1036 3046 lyricuss
1054 2966 1140 3048 cujus
1163 2965 1248 3045 apud
1272 2965 1350 3026 Sui-

206 3063 278 3126 dam
300 3065 488 3147 perhibetur
508 3067 625 3129 tibicen
645 3067 758 3141 fuisse,
793 3068 925 3130 nominis
946 3067 1162 3144 celebritatem
1184 3076 1349 3130 assecutus

175 3199 180 3212 .
206 3170 365 3232 escensa.
388 3170 512 3252 Olymp.
535 3171 617 3232 CXV
627 3217 635 3245 ,
668 3179 701 3232 ut
724 3169 1036 3233 mouuibhleinelrius
1059 3170 1136 3230 Hist.
1160 3171 1226 3232 crit.
1249 3192 1281 3251 p.
1297 3172 1350 3246 89,

204 3270 261 3332 sed
278 3271 392 3348 ,quidni
423 3272 641 3354 Antigenidam
673 3273 776 3354 Satyri
805 3275 870 3354 jam
906 3272 1003 3334 multo
1035 3279 1107 3332 aute
1137 3271 1201 3332 hoc
1225 3281 1350 3354 tempus

205 3384 244 3428 uc
269 3369 370 3436 dicam
397 3371 596 3446 inclaruisse,
627 3383 661 3434 at
683 3375 840 3436 musicam
862 3375 1041 3436 exercuisse
1063 3382 1253 3448 statuamus;
1284 3396 1349 3455 quo

204 3469 349 3549 probato,
364 3471 465 3534 ‚etiam
488 3470 514 3530 si
536 3472 690 3550 ponimus,
715 3466 911 3555 Κωμασσὴα
932 3473 1027 3534 luisse
1049 3475 1212 3536 Philoxeni
1236 3476 1350 3558 dithy-

204 3573 376 3638 rambicum
410 3591 565 3664 carmem
590 3567 658 3636 'uon
691 3572 917 3654 Antigeniuae.
952 3578 1047 3656 quud.
1068 3579 1225 3658 posterius
1253 3581 1350 3642 statui

203 3696 297 3755 posse
332 3678 517 3742 existimavit
548 3677 721 3762 Mainalius
744 3680 763 3740 l.
787 3701 812 3742 c.
847 3702 877 3762 p.
896 3681 969 3744 341.
1001 3681 1147 3756 admtil,
1170 3715 1212 3730 ·-·
1243 3691 1349 3743 tamen

205 3779 321 3856 optimc
344 3783 581 3860 sampsuchum,
609 3783 827 3865 Antigenidam
857 3785 960 3866 Satyri
989 3785 1117 3846 Milesiis
1147 3784 1260 3848 calceis
1281 3787 1350 3866 jum

205 3885 276 3938 aute
299 3881 381 3942 Aves
402 3893 505 3946 actam
536 3903 625 3946 usum
658 3904 745 3959 esse,
779 3887 869 3966 quia,
885 3887 983 3948 verba
1016 3885 1132 3948 Suidae
1160 3907 1257 3968 supra
1288 3907 1350 3948 ex-

204 3981 319 4059 scripta
349 3983 592 4066 haudquaquam
629 3988 789 4067 postulant
817 3988 961 4062 omuino,
1004 3996 1037 4049 ut
1064 3989 1285 4071 Antigenidam
1310 4009 1350 4050 eo

204 4085 274 4163 ipso
310 4092 466 4165 tempore,
512 4100 575 4166 quo·
608 4107 738 4168 operam
771 4108 860 4150 suam
896 4090 1033 4154 navabat
1071 4090 1234 4153 Philoxeni
1271 4091 1349 4155 Ku-

205 4186 337 4270 μασσῄ,
369 4186 514 4270 primam
541 4189 613 4252 illus
646 4191 770 4252 calceos
807 4199 959 4272 gestasse·
983 4193 1203 4274 existimemus.
1262 4193 1350 4267 Quin
