2910 4654
672 159 885 224 ..476-

211 338 243 393 et
254 329 457 412 proverbium
478 327 566 406 illud,
590 327 798 412 quodquam
819 328 1010 394 tritissimum
1027 336 1120 408 esset,
1144 328 1205 412 ipsi
1221 331 1355 398 maxime

209 433 363 498 haerebat
375 433 408 494 in
429 440 543 508 mente,
564 431 667 494 mittit.
710 431 808 499 Simul
822 440 918 513 poete
936 451 1089 514 perquam
1111 433 1277 517 ingeniose
1294 437 1354 499 iltis

210 535 316 599 veniris
333 535 374 597 de
391 553 431 596 eo
450 531 653 608 commonuit,
673 531 766 613 quod
777 533 896 609 omnia,
918 535 1072 615 qnae-hae
1089 533 1199 598 fabula
1214 545 1355 622 aguntur,

212 637 269 700 etsi
282 656 346 700 non
359 642 492 718 ognntnr
501 635 640 711 Athenis,
660 653 772 698 revere
784 643 899 712 tamen,
916 645 1064 719 tanquam
1075 638 1107 702 io
1121 639 1183 702 hac
1198 639 1267 718 ipsa
1278 640 1354 704 urbe

211 746 351 822 agantur,
377 737 608 799 consideranda
625 745 707 800 sunt.
742 737 832 812 Quae
844 746 1009 820 praeterea
1027 740 1124 803 allam
1141 748 1213 804 sunt
1234 743 1354 804 aSue-

211 841 319 904 vernio
332 838 373 902 ad
383 839 469 902 illam
483 839 671 905 sententiam
683 839 882 918 fulciendam,
893 858 959 903 non
972 849 1019 904 est
1032 831 1119 922 quod
1131 843 1238 906 dedita
1257 859 1354 922 opera

211 945 392 1008 retutemus.
408 971 452 989 -ι-
472 941 640 1024 Reliquum
658 948 714 1018 est,
736 948 771 1004 ut
788 949 963 1023 exputetur,
983 943 1097 1024 quihus
1114 945 1205 1007 terris
1222 945 1275 1008 vel
1294 963 1354 1025 qua

121 1037 125 1044 ’
211 1057 296 1111 terra
314 1045 458 1108 Comicus
472 1045 622 1109 oriundas
638 1043 765 1125 finxerit
786 1063 879 1122 aves,
901 1045 1068 1125 exquibus
1088 1043 1204 1108 chorus
1222 1051 1354 1109 constat.

213 1152 314 1231 Supra
332 1145 543 1223 ostendimus,
566 1165 619 1208 eas
640 1164 734 1222 aves,
756 1164 839 1227 quae
857 1146 994 1208 musicos
1010 1147 1101 1211 chori
1120 1152 1225 1229 egunt,
1248 1151 1353 1210 exter-

212 1268 269 1313 nas
291 1249 400 1311 inisse.
449 1247 538 1321 Quae
568 1267 664 1327 quum
696 1265 760 1309 non
791 1249 852 1309 sint
879 1255 975 1311 notae
1005 1249 1218 1326 Pisthetaero,
1246 1254 1354 1312 contra

210 1352 264 1415 hio
285 1350 408 1414 noverit
430 1367 504 1424 eas,
527 1367 610 1430 quae
632 1349 765 1412 chorum
792 1351 937 1429 efficiunt,
959 1351 1060 1414 facilis
1087 1353 1269 1446 conjectura
1297 1359 1354 1433 est,

211 1458 270 1519 has
293 1473 368 1518 aves
387 1452 505 1515 Attinas
529 1452 616 1535 fingi.
658 1454 698 1516 Et
719 1453 865 1535 proiecto
887 1454 975 1519 nulla
997 1461 1060 1528 est,
1082 1466 1176 1534 quem
1198 1453 1269 1534 quis
1290 1455 1351 1516 de-

212 1563 388 1620 monstrare
409 1555 512 1634 possit
535 1575 601 1618 non
628 1563 785 1620 versatam
816 1575 886 1620 esse
911 1555 944 1620 in
965 1562 1049 1619 terre
1067 1553 1169 1618 Attica
1194 1555 1245 1618 vel
1261 1553 1353 1620 simul

212 1661 306 1724 etiarn
334 1658 368 1718 in
400 1657 479 1719 mari
512 1658 626 1721 vicino.
656 1660 717 1722 .De
747 1666 864 1722 noctua
896 1658 929 1720 in
953 1664 1074 1721 tanturn
1097 1662 1232 1734 constat,
1260 1655 1353 1738 hujus

108 1836 110 1844 J
186 1769 247 1828 ,nt
269 1759 530 1822 commemoratio
552 1760 601 1818 vel
616 1773 680 1836 per
703 1773 738 1816 se
769 1759 842 1817 sole
869 1753 1007 1834 aliquem
1035 1773 1074 1815 eo
1101 1753 1217 1818 ducere
1244 1757 1352 1836 possit

212 1870 247 1926 ut
273 1860 423 1942 inquiret,
450 1857 552 1920 sintne
587 1855 682 1919 etiam
712 1855 854 1936 reliquae
877 1873 951 1919 aves
973 1857 1104 1923 Atticae.
1146 1856 1247 1921 Porro
1270 1859 1349 1926 adeo

212 1985 252 2028 ex
272 1966 335 2027 hac
353 1965 425 2045 ipse
442 1961 554 2024 sebnia
576 1960 724 2041 apparet,
748 1956 827 2021 duas
851 1955 934 2022 aves¹
948 1979 988 2022 en
1008 1959 1067 2037 iis,
1101 1977 1184 2042 queo
1205 1960 1247 2025 nd
1270 1962 1352 2026 cho-

211 2089 281 2132 rnm
302 2065 472 2148 portinent,
499 2062 617 2125 Atticas
641 2081 727 2126 esse:
757 2068 949 2144 attagenem,
979 2081 1074 2144 quae·
1090 2072 1354 2128 commemoratur

210 2171 265 2235 Vs.
284 2168 363 2243 297,
399 2173 438 2228 en
459 2167 512 2227 Vs.
531 2164 593 2228 2215
608 2184 694 2244 sqq„
731 2183 827 2244 quum
849 2169 953 2226 temen
983 2181 1026 2226 ex
1045 2163 1182 2228 Acheru.
1210 2166 1264 2229 Vs.
1289 2167 1351 2230 875

211 2271 386 2346 discamus,
416 2269 498 2330 hanc
532 2286 623 2331 avem
652 2267 792 2330 Athenas
820 2265 929 2329 inferri
952 2287 969 2331 e
990 2267 1139 2345 Boeotin3
1172 2268 1351 2348 accipitrem
1426 2272 1430 2284 “

209 2375 264 2436 Vs.
283 2371 347 2434 303
370 2375 596 2446 enumeratum,
619 2386 713 2450 quarn
735 2386 827 2432 avem
849 2368 944 2432 etiam
965 2367 997 2430 in
1023 2368 1092 2434 aliis
1115 2369 1205 2432 terris
1228 2369 1351 2455 degisse

211 2497 275 2542 non
297 2493 464 2558 negamus,
487 2494 526 2536 ex
546 2476 602 2537 Vs.
622 2473 695 2551 870,
718 2473 773 2536 ubi
793 2472 821 2537 is
844 2471 1011 2556 accipiter,
1034 2472 1088 2556 qui
1108 2473 1191 2538 inter
1211 2471 1350 2538 choreu-

76 2655 80 2662 ι
209 2587 259 2642 tas
281 2584 347 2652 est,
368 2576 418 2638 his
442 2574 620 2659 appellatur
640 2576 764 2639 verbis:

293 2670 346 2744 'tid
369 2677 650 2762 Σουνιέρακε,
677 2672 757 2768 χαῖρ’
775 2675 858 2756 ἅναξ
879 2679 1078 2766 Πελαργικέ.

208 2780 274 2844 Sed
294 2780 328 2843 id
348 2778 468 2859 ipsum,
497 2779 701 2860 quodmodo
733 2779 1017 2858 contendebamus,
1045 2779 1242 2845 Pisthetaero
1266 2799 1351 2878 apes,

210 2904 250 2946 ex
272 2883 383 2964 quibus
407 2883 521 2946 chorus
544 2889 683 2961 constat,
711 2891 802 2947 notas
825 2902 912 2961 esse,
942 2883 976 2945 in
998 2882 1225 2946 dubitationem
1246 2901 1350 2946 voca-

207 2989 275 3047 tum
296 2991 345 3047 est
365 3002 386 3045 a
407 2984 579 3047 Snevernio
602 2985 623 3046 l.
646 3004 672 3049 c.
693 3005 724 3067 p.
743 2988 814 3049 101.
858 2985 1036 3050 Secundum
1066 2985 1165 3061 huno,
1205 2986 1349 3068 quamvis

209 3105 273 3148 non
289 3086 493 3163 nominatum,
515 3085 698 3150 Dindorfius
716 3087 842 3151 »enum
857 3085 1135 3162 declarationem»,
1157 3085 1209 3164 nit,
1232 3105 1351 3170 »aper-

206 3195 273 3250 tum
295 3195 344 3250 est
363 3187 484 3269 Epopis
505 3205 664 3271 personae
686 3187 797 3250 melius
820 3187 991 3252 convenire
1019 3203 1112 3267 quam
1141 3186 1350 3264 Pisthetaero,

209 3290 320 3352 harum
342 3310 446 3354 rerum
466 3292 571 3354 adhuc
591 3292 712 3374 ignaro.
752 3292 860 3372 ltaque
879 3289 913 3351 in
935 3311 963 3354 v.
982 3288 1132 3354 297-304
1146 3307 1205 3369 pro
1220 3289 1350 3354 Pisthe-

205 3397 298 3452 taero
319 3391 457 3472 Epopis,
478 3410 547 3472 pro·
560 3392 716 3472 Euelpide
736 3391 920 3454 Pisthetueri
941 3409 1080 3472 persona
1100 3391 1251 3472 ponenda
1271 3399 1351 3458 est».

209 3491 271 3554 Sed
292 3489 517 3553 Pisthetaernm
538 3491 681 3574 ignarum
703 3509 791 3568 esse,
811 3498 930 3554 temere
948 3490 1010 3554 sibi
1025 3499 1152 3556 sumunt
1173 3494 1231 3556 viri
1254 3493 1351 3556 docti.

207 3596 324 3658 Porro:
344 3590 502 3656 Dindorfii
514 3592 573 3657 iila
594 3593 694 3658 verbe
720 3591 753 3654 in
771 3592 911 3657 editione
928 3591 1102 3658 Oxoniensi
1126 3595 1234 3676 posita
1249 3611 1351 3676 prae-

209 3696 322 3760 cedunt
350 3696 430 3759 haec
459 3695 656 3760 aBrunckio
678 3695 813 3778 scripte:
848 3696 1033 3763 »distinctae
1060 3715 1219 3778 personae
1240 3697 1283 3762 ad
1304 3693 1351 3758 fi-·

209 3796 280 3858 dem
302 3798 396 3861 codd.
417 3799 453 3861 Α.
475 3802 508 3862 Β.
531 3800 592 3862 nisi
614 3799 702 3881 quod
723 3800 755 3861 in
776 3799 815 3862 iis
838 3800 942 3863 avium
965 3797 1138 3862 declaratio
1152 3798 1267 3881 'Epopi
1288 3794 1352 3860 tri-

207 3889 321 3984 buitur,
344 3902 430 3982 cujus
452 3901 613 3966 inlocum
633 3909 745 3983 quater
759 3901 984 3966 Pisthetaernm
1002 3901 1106 3982 posui.
1149 3901 1229 3968 Nam
1249 3915 1353 3982 prae-

207 4003 257 4059 ter
278 4017 401 4061 omnem
422 4001 722 4066 verisimilitudinem
754 4001 835 4076 iste,
870 3996 912 4071 ori
943 4001 1010 4085 γάρ
1042 4007 1110 4070 ioue
1139 4001 1355 4087 Σποργίλοεί

207 4099 315 4180 Epops
346 4099 496 4163 diceret».
548 4105 636 4166 Haec
668 4121 762 4170 sensu
794 4102 862 4166 veri
891 4102 998 4168 nativo
1027 4104 1187 4185 disputate
1220 4107 1297 4162 sunt
1333 4117 1355 4162 e

206 4201 379 4276 Bruncki03
415 4211 447 4265 et
467 4204 561 4284 digna
592 4206 736 4287 protecto
767 4213 835 4270 erat
857 4207 1014 4289 objectio,
1047 4224 1130 4288 quae
1151 4205 1180 4268 si
1201 4223 1267 4268 non
1290 4223 1354 4265 re-
