2910 4672
547 147 757 210 ..32-

144 331 169 395 t,
191 324 270 396 sive,
292 323 377 403 qnod
397 323 480 383 idem
502 327 563 395 est,
589 319 657 380 sola
676 319 752 380 tibia
774 337 955 400 expressae,
980 338 1020 382 an
1042 320 1083 380 ab
1104 321 1228 401 Upupa

143 424 248 486 stando
277 442 441 504 expressae
474 422 652 484 concinente
682 422 809 484 luscinia
841 424 906 485 sive
937 421 1013 484 tibia
1043 422 1228 504 adnitente.

143 528 239 588 uiliter
260 527 366 606 quaeri
386 534 504 607 potest,
526 527 625 588 sintne
646 524 776 587 eaedem
799 527 846 588 vel
866 526 981 588 similes
1001 543 1111 620 voces,
1134 543 1227 608 qnae
1267 585 1269 588 .

143 652 175 694 ra
191 634 222 694 in
238 633 358 695 duobus
373 634 567 715 reperiuntur
583 633 779 725 carminibus,
802 651 934 712 quornm
949 634 1034 714 prius
1052 651 1071 694 a
1086 633 1140 693 Vs.
1153 629 1225 691 737

144 736 213 817 ipit,
243 735 372 798 alterum
394 754 414 796 a
433 736 486 798 Vs.
502 736 579 810 769,
610 735 650 796 ab
671 735 722 810 iis,
754 753 835 816 quae
856 744 982 811 mount,
1013 736 1120 797 aribus
1143 743 1178 796 et
1203 753 1225 796 a

143 839 221 899 'cinia
237 839 386 920 prolatae,
409 857 448 899 an
465 858 484 899 a
501 839 569 901 sola
585 839 720 900 luscinia.
764 839 825 914 Qui
841 841 972 921 primum
989 841 1087 901 nostri
1106 838 1223 900 cantici

143 962 218 1003 esum
245 941 286 1002 ad
314 961 380 1002 rem
408 941 633 1024 profligandam
662 941 838 1004 adhibuerit
868 951 899 1004 et
926 943 1017 1003 simul
1045 943 1123 1017 loci,
1163 941 1222 1022 qni

162 1065 255 1126 snpra
276 1048 328 1106 Vs.
342 1047 382 1108 57
397 1066 457 1127 sq,
479 1047 665 1122 meminerit,
687 1047 739 1108 ubi
755 1047 963 1108 Pistbetaerus
984 1046 1028 1108 sic
1049 1043 1222 1126 alloquitur

142 1148 290 1229 elpidcm:

205 1251 238 1315 αι’
259 1250 361 1335 λέγεις
382 1244 495 1330 odeum
518 1248 580 1318 νὸν
602 1255 714 1317 ἔποπα
736 1263 800 1316 παῖ
821 1250 948 1332 asisin

206 1347 266 1418 οὐκ
288 1351 360 1420 daci
382 1357 445 1422 κού
466 1349 585 1426 παιδός
607 1345 636 1438 γ’
658 1353 753 1440 ἐχρῆν
774 1357 895 1419 ἐποποῖ
917 1353 1046 1424 coleras

143 1477 160 1517 s
181 1457 285 1518 nescio
308 1475 348 1517 an
369 1457 486 1518 ammns
507 1457 704 1519 inclinaturus
726 1456 780 1531 sit,
810 1463 843 1517 ut
864 1455 985 1529 credat,
1014 1453 1100 1515 illum
1122 1452 1219 1514 etiam

156 1562 264 1640 Upupa
284 1562 514 1641 pronuntiatum
535 1580 614 1624 esse.
657 1560 753 1635 Quin,
778 1561 804 1622 si
825 1560 920 1633 infra,
941 1559 994 1618 Vs.
1007 1556 1078 1629 267,
1106 1556 1215 1619 Phoe-

144 1671 285 1744 opterum
307 1663 548 1745 deprehenderit
567 1670 746 1724 vocantem:

342 1765 470 1848 τοροτὶξ
495 1765 639 1848 τοροτίξ,

143 1868 232 1930 tassis
248 1867 329 1930 banc
345 1868 528 1930 sententiam
543 1869 744 1951 certissimam
760 1885 829 1930 esse
846 1865 1052 1929 affirmaturus
1068 1867 1116 1927 sit.
1153 1865 1217 1926 Sed

143 1972 227 2033 ¹cebit
254 1991 293 2032 ex
319 1970 372 2046 iis,
402 1989 481 2050 quae
507 1970 612 2052 paullo
638 1970 718 2032 inira
744 1969 982 2052 disputabimus,
1010 1969 1093 2030 hunc
1113 1969 1216 2030 locum

143 2082 211 2134 itum
233 2073 342 2134 abesse
364 2081 397 2134 nt
418 2074 500 2134 illam
522 2073 627 2134 fulciat
647 2075 845 2147 sententiam,
876 2081 909 2134 ut
930 2071 1019 2133 alteri
1039 2071 1215 2134 firmissimo

160 2174 326 2256 praesidio.
374 2175 453 2235 Illud
480 2179 583 2234 autem
611 2179 1062 2240 ἐποποποποποποποποποι·
1085 2182 1217 2257 apparet

143 2279 230 2340 tuisse
253 2285 284 2339 et
303 2276 379 2337 tibia
395 2277 538 2358 exprimi,
561 2284 592 2337 et
608 2282 678 2356 apte
697 2274 789 2336 tribui
807 2275 900 2337 etiam
918 2275 1079 2352 lusciniae,
1101 2277 1215 2361 qnippe

143 2402 221 2465 upae
254 2381 360 2459 uxori3
400 2382 466 2444 vice
499 2400 589 2450 versa
622 2380 702 2442 inira
735 2380 864 2443 alteram
895 2399 1029 2462 upupam
1059 2380 1214 2442 tibicinem

143 2506 326 2570 gnoscemus.
375 2486 444 2546 Non
473 2485 579 2545 dubito
608 2481 765 2564 equidem,
795 2485 868 2564 quin
891 2503 998 2546 omnes
1019 2485 1091 2546 illae
1113 2485 1214 2546 avium

143 2611 187 2652 ses
209 2609 227 2650 a
249 2587 375 2649 luscinia
396 2586 463 2647 sola
484 2587 559 2647 tibia
581 2605 746 2668 expressae
768 2587 836 2648 sint.
881 2587 950 2661 Quo
968 2605 1116 2648 concesso
1134 2587 1213 2649 ultro

143 2693 271 2775 carebit,
302 2709 394 2770 quam
416 2699 488 2771 apte
509 2691 583 2752 tibia
604 2699 668 2752 tam
690 2699 761 2752 ante
782 2691 882 2772 ipsum
903 2697 1042 2752 nostrum
1064 2689 1213 2751 canticum

143 2805 198 2871 iet,
227 2812 317 2875 quam
338 2793 418 2854 inter
440 2793 638 2869 cantandum,
666 2809 757 2872 quam
780 2800 869 2854 cantu
890 2791 987 2853 finito.
1036 2793 1070 2852 ln
1093 2792 1213 2854 duobus
1311 2805 1312 2808 ’

143 2918 198 2960 em
219 2897 276 2959 illis
299 2896 495 2971 carminibus,
519 2916 598 2976 quac
620 2897 701 2958 iulia
722 2903 806 2971 sunt,
831 2903 894 2957 tam
916 2895 995 2956 miro
1018 2896 1112 2958 modo
1136 2915 1212 2958 can-

164 3000 392 3081 interrnmpitur
413 3000 470 3061 illis
493 3002 594 3062 avium
615 3002 758 3076 vocibus,
782 3008 816 3076 ut
836 3000 887 3061 vel
909 3001 949 3060 ob
971 3000 1052 3061 banc
1073 3017 1213 3062 caussam

166 3112 269 3187 aptum
291 3103 344 3179 sit,
367 3103 406 3165 ab
428 3105 480 3179 iis,
503 3107 553 3185 qui
577 3112 702 3179 canunt,
730 3103 819 3165 simul
841 3103 1052 3184 pronuntiatas
1075 3103 1212 3166 credere.

143 3211 218 3274 cedit
239 3209 279 3270 ad
299 3210 380 3272 banc
400 3229 482 3284 rem,
512 3209 596 3290 quod
617 3209 714 3270 verba

206 3310 342 3378 πάντων
367 3308 511 3394 ξύννομε
537 3311 603 3376 τῶν
630 3311 716 3392 ἐμῶν

203 3408 320 3494 ὕμνων
348 3408 497 3494 ξύντροφ’
525 3409 621 3497 αἠὃοι·
667 3417 668 3424 ’

206 3615 326 3682 Modus
358 3615 517 3703 λοχμαία,

206 3719 357 3800 ποικίλη,
385 3715 466 3800 μεθ’
489 3707 530 3800 ἧς
556 3726 616 3804 ἔγω

205 3815 345 3889 νάπαισι
373 3821 426 3886 καὶ
453 3836 610 3906 κορυφαῖς
636 3825 672 3886 ἐν
698 3815 835 3900 ὀρείαις,

210 3918 359 4006 ἱζόμενον
384 3925 502 4016 μελίας
531 3925 584 3990 ἐπὶ
614 3917 838 4005 φυλλοκόμου,

206 4019 245 4089 δι’
274 4023 355 4104 ἐμήν
378 4018 496 4102 νινύος
524 4025 649 4108 ξουθῆς
675 4021 801 4100 μελέαν

208 4127 296 4198 Πανὶ
325 4119 450 4202 νόμους
479 4149 589 4204 ιερους
618 4119 808 4202 despuimus
896 4161 908 4188 ι.

143 4253 204 4314 ibus
222 4247 393 4332 appellatur
410 4263 428 4305 a
445 4244 543 4305 oborn
559 4245 661 4305 avium
677 4242 806 4302 luscinia
821 4243 872 4302 Vs.
884 4243 947 4306 678
958 4260 1002 4325 sq.
1018 4254 1048 4306 et
1064 4178 1125 4310 737
1136 4263 1205 4330 sqq,
