2924 4674
651 165 865 224 ..fi-

187 354 217 414 p.
233 334 287 408 lt,
315 332 420 396 loeum
442 333 539 414 oepit,
568 333 612 396 sie
634 333 808 415 explicans:
843 342 897 397 «at
920 335 1033 398 omnin
1055 337 1137 400 faeta
1159 338 1179 399 i.
1198 357 1226 399 e.
1248 359 1328 419 per-

97 424 101 432 ’
185 432 283 509 seete,
307 435 485 510 constituta,
509 433 589 497 data
617 434 773 518 (ouinami
803 438 1011 519 perpetuitate
1035 442 1209 522 argumenti
1231 442 1328 504 duee:

186 533 246 599 tibi
267 533 326 599 deo
344 533 511 612 Vaticana,
535 537 659 617 quicum
682 539 870 600 confabulor
890 538 1008 614 Robur,
1031 537 1109 602 aliis
1132 539 1204 624 diis)
1225 561 1349 626 prue-.

188 645 238 701 ter
259 638 424 722 imperare
444 634 524 713 diis,
547 637 638 731 quod
657 637 766 700 sotum
786 659 889 724 peries
907 636 1026 703 «Iouem
1049 641 1128 724 (reon
1148 641 1224 705 item
1243 640 1328 706 alios

187 738 272 824 deos)
296 749 372 803 est.»
417 743 554 804 Mentem
572 742 633 803 loci
650 743 732 804 hane
750 761 834 803 esse:
861 737 1035 828 «luppiter
1050 743 1326 837 quenrndmodum

187 841 402 936 imperitandi
428 862 552 905 munus
582 843 637 905 orci
661 851 697 906 tu
725 840 919 936 obsequaris
946 843 1181 908 administrate
1214 846 1262 910 sio
1292 853 1328 908 tu

181 941 357 1030 flagitanti
377 951 552 1008 contentus
577 953 684 1009 artem
707 941 889 1009 exhibebis.
939 943 1073 1009 Etenim
1096 968 1165 1010 ααα
1190 956 1227 1011 tu
1249 945 1329 1009 Joui

186 1046 347 1131 imperas,
384 1045 443 1110 sed
470 1047 613 1132 inspersit
640 1044 797 1132 duppiter
827 1043 919 1109 titt.»
943 1083 987 1096 -
1038 1047 1174 1111 Frustra.
1226 1050 1328 1111 Loous

187 1148 270 1210 enim
292 1149 365 1230 quin
387 1149 494 1212 vitium
516 1149 660 1226 traxerit,
683 1149 819 1213 dubitari
838 1151 956 1232 nequit.
999 1151 1204 1214 Soribendum
1223 1159 1328 1215 autem

185 1269 244 1329 pro
263 1243 418 1340 ἐπράχθη
439 1259 487 1316 est
508 1247 689 1338 ἐπράθη,
711 1261 745 1315 ut
766 1273 854 1317 mens
876 1253 937 1315 loci
959 1253 1041 1316 haee
1063 1255 1191 1317 evadat:
1214 1255 1327 1317 omnia

184 1349 320 1414 verudata
346 1353 379 1413 b.
396 1371 425 1415 e.
447 1354 479 1416 in
507 1355 657 1418 servitute
682 1363 765 1419 sunt
787 1363 921 1442 praeter
944 1355 1109 1442 imperare
1135 1355 1214 1434 diis,
1244 1355 1328 1420 liber

185 1453 275 1516 enim
305 1459 338 1517 et
364 1454 421 1519 sui
441 1453 534 1542 juris
563 1475 661 1520 uerno
690 1465 740 1522 est
768 1466 904 1536 praeter
927 1454 1079 1522 lovem·
1112 1458 1219 1534 Quivis
1247 1481 1326 1522 unus

184 1557 332 1631 senserit,
355 1577 448 1636 quam
466 1561 593 1639 egregie
611 1559 672 1620 bae
690 1556 910 1620 emendatione
927 1563 1055 1636 recepta
1076 1559 1203 1639 singulis
1222 1557 1326 1621 verbis

184 1676 294 1720 versus
308 1659 350 1722 49
372 1670 565 1739 responsura
582 1657 642 1720 sint
661 1657 781 1740 singula
798 1658 896 1722 verbe
913 1676 1022 1720 versus
1034 1657 1097 1734 50;
1119 1673 1192 1716 nam
1208 1652 1326 1716 locutio

184 1754 365 1845 ἐλεύθερός
383 1764 452 1826 ἐστι
473 1759 628 1848 spectabit
648 1749 888 1844 addnpu'xbp,
909 1763 944 1820 ut
964 1749 1056 1839 πλὴν
1074 1751 1152 1828 Arde
1171 1753 1212 1816 ad
1234 1746 1327 1835 πλήν

183 1869 289 1938 θεοῖσι
316 1874 494 1947 κοιρανεῖν.
520 1861 714 1952 ¹simillimus
737 1867 785 1924 est
805 1861 909 1937 locus,
940 1859 1128 1954 quilegitur
1150 1857 1326 1939 Choepbo-
1370 1895 1377 1902 -

184 1983 293 2027 rorum
314 1984 409 2027 versu
430 1965 512 2028 902:
990 1959 994 1968 ’

312 2069 418 2153 Διχῶς
445 2065 645 2152 ἐπράθην
670 2063 724 2135 ὢν
750 2066 989 2149 ἐλευθέραν
1014 2059 1161 2147 πατρός,
1194 2107 1198 2138 ;
1282 2081 1285 2088 “

186 2168 295 2232 ubiet
315 2168 447 2231 verbum
469 2169 651 2250 πραθῆναι
681 2165 795 2230 eodem
824 2164 997 2250 significatu
1021 2162 1246 2246 metaphorice¹
1264 2163 1326 2225 ad-

183 2271 316 2335 hibitum
338 2277 386 2334 est
408 2278 447 2352 et¹
461 2270 573 2338 eadem
595 2270 717 2333 ratione
740 2269 926 2334 vocabulum
951 2263 1126 2352 dissideam
1148 2267 1327 2348 oppositum

184 2374 284 2436 verbo
303 2375 490 2458 πραθῆναι.
532 2374 674 2438 aoristus
693 2372 831 2460 ἐπράθη
852 2372 948 2464 adid
965 2377 1088 2454 tempus
1105 2377 1239 2452 spectat,
1262 2389 1328 2450 quo

184 2494 316 2537 munera
342 2476 424 2537 inter
451 2475 530 2540 deos
559 2477 724 2538 distributa
753 2483 857 2551 erant,
889 2494 950 2556 qua
972 2475 1012 2538 de
1034 2493 1070 2536 re
1091 2471 1191 2536 verbo
1214 2474 1328 2559 λαχεῖν

184 2579 327 2658 proxime
359 2595 548 2658 praegresso
580 2577 786 2660 significatum
817 2583 895 2644 erat.
955 2577 1079 2651 Verba,
1118 2593 1199 2656 quae
1230 2575 1327 2639 modo

186 2679 401 2741 emendatiora
431 2678 588 2755 dedimus,
626 2688 689 2743 tam
719 2681 761 2744 ad
795 2700 848 2757 ea,
886 2699 968 2764 quae
993 2680 1102 2743 Robur
1128 2679 1231 2760 ipsum
1257 2679 1327 2740 Vss.

186 2782 228 2845 46
246 2789 278 2845 et
294 2782 335 2851 47,
358 2781 493 2856 dixerat,
515 2781 682 2863 probanda
698 2784 851 2860 serviunt,
875 2781 1024 2864 quemad
1041 2780 1327 2856 demonstrandum,

185 2885 292 2947 inutile
316 2903 385 2946 esse
408 2891 548 2966 optatum
562 2885 692 2952 Vulcani
708 2867 781 2972 post
797 2887 850 2948 illa
866 2885 1024 2968 prolatum
1043 2884 1098 2946 Vs.
1111 2883 1162 2946 49.
1204 2883 1328 2945 Etenim

185 2986 212 3058 si
234 3004 347 3051 revere
369 2989 474 3052 omnia
495 3005 641 3065 munera,
671 2996 803 3072 excepto
826 3008 889 3051 uno
911 2987 1044 3070 imperio
1066 2987 1099 3050 in
1122 2985 1215 3060 deos,
1242 2986 1329 3066 quod

184 3073 283 3174 penes
308 3095 419 3156 lovem
450 3100 532 3168 erat,
562 3092 594 3153 in
616 3093 765 3158 servitute
788 3098 891 3167 erant,
920 3091 974 3153 vix
995 3096 1103 3172 aptum
1124 3095 1192 3153 erat
1214 3087 1330 3163 dicere,

185 3195 286 3278 ipsam
316 3205 416 3259 artem
445 3215 530 3271 esse,
570 3214 652 3277 quae
680 3197 821 3258 Vulcano
852 3195 979 3258 labores
1011 3191 1194 3267 creavisset,
1234 3211 1330 3273 quum

185 3297 288 3377 potius
318 3299 464 3380 universa
491 3298 624 3360 deorum
652 3300 846 3380 reliquorum
875 3298 1078 3380 condicio-ia
1100 3313 1210 3363 caussa
1232 3300 1330 3370 essee

187 3404 234 3472 et,
266 3396 387 3459 etiamsi
415 3398 506 3459 faber
534 3398 685 3468 terrarius
707 3418 771 3460 uon
793 3406 878 3461 esset
898 3398 997 3464 iaetus
1020 3398 1193 3472 Vulcanus,
1222 3402 1330 3460 tamen

188 3520 297 3564 munus
325 3505 472 3562 nacturus
500 3498 624 3576 suisset,
662 3518 724 3580 quo
753 3519 818 3561 non
845 3502 946 3564 minus
975 3506 1059 3578 arte,
1094 3519 1188 3581 quum
1216 3515 1330 3562 revera

187 3603 409 3686 profitebatur,
440 3622 549 3668 servus
570 3603 656 3670 Jovis
678 3601 818 3682 redditus
840 3604 958 3670 inisset.
977 3637 1018 3652 -
1053 3607 1057 3614 '

720 3865 797 3946 111.

500 4007 640 4058 Profertur
659 3985 818 4076 eorrjeetura
840 4007 873 4056 de
896 4005 942 4058 Va.
959 4004 1022 4059 258.

632 4166 635 4172 ’
671 4140 850 4208 ΧΟΡΟΣ.

310 4231 396 4310 Odt'
418 4238 644 4314 temtator
669 4243 774 4327 odevia
801 4266 852 4312 ναι
880 4241 1126 4328 προκείμενανς
