2910 4654
672 127 885 192 ..33-

74 315 77 322 '
207 305 348 380 cisoitur‚
371 304 427 366 cir.
449 302 502 366 νε.
521 299 602 377 435,
633 307 665 366 et
685 295 722 361 lit
743 292 900 380 ὁπλίτης,
933 313 996 377 quo
1023 293 1151 358 nomina
1171 292 1276 374 ipsum
1297 293 1354 356 in-

206 409 315 494 signiri
338 427 356 471 a
378 407 574 471 Pisthetaero
596 404 649 470 Vs.
667 401 750 478 448,
771 417 867 482 supra
887 398 1119 480 disputavimus.
1163 397 1229 462 Sed
1249 414 1355 478 quae-

206 512 297 588 ritur,
329 510 505 592 quatenus?
549 506 652 580 Quem
673 502 771 566 finem
800 501 939 565 habeant
960 521 1037 566 veru
1068 510 1100 566 et
1122 503 1187 566 duo
1208 499 1354 584 τρυβλία

207 651 250 664 -
272 621 320 677 tot
342 613 425 674 enim
441 607 619 696 xarripuisse
648 604 850 686 Euelpidem,
870 604 1059 686 perspicitur
1080 623 1119 666 ex
1143 606 1198 668 Vs.
1214 604 1289 678 387,
1311 635 1356 650 ·-

205 716 299 791 iniis,
321 732 404 795 quae
424 729 520 792 supra
542 715 780 791 repraesentata
797 717 879 785 sunt,
900 707 969 788 ipse
991 706 1067 770 satis
1085 706 1227 768 declarat
1247 712 1354 787 poeta,

208 828 240 885 ct
261 817 399 898 apertius
424 814 518 877 etiam
539 812 623 875 inira
643 813 698 875 νε.
723 811 787 874 388
809 805 870 876 ιόν
893 801 1070 894 ὀβελίσκον
1089 817 1184 871 vocat
1204 803 1244 874 τέ
1259 803 1354 889 δόρει

207 921 265 983 sed
278 918 426 998 Euelpidi
450 918 490 979 de
512 935 570 978 usu
587 913 673 978 ollae
693 910 901 994 interroganti
923 928 1005 992 quae
1030 909 1276 992 respondentem
1300 909 1354 972 ie-

208 1024 250 1088 cit
279 1021 508 1083 Pisthetaerum
538 1025 653 1099 poeta,
692 1035 758 1078 non
791 1020 864 1077 sunt
893 1013 937 1076 ita
966 1019 1169 1093 comparata,
1203 1019 1238 1074 ut
1258 1011 1353 1074 facile

209 1130 377 1206 appareat,
399 1123 440 1184 ad
463 1140 557 1203 quam
579 1119 683 1204 gravis
709 1124 889 1181 armaturae
910 1122 1032 1196 partem
1053 1114 1352 1195 repraesentandam

209 1227 277 1290 olla
298 1225 339 1288 sit
360 1223 511 1286 adhibita.
560 1222 732 1286 Audiamus
760 1220 895 1300 primum
918 1220 958 1281 de
986 1217 1048 1282 hac
1069 1238 1104 1282 re
1134 1237 1216 1299 quac
1246 1218 1352 1281 disse-

207 1332 337 1390 ruerunt
356 1333 480 1388 retercs
508 1324 706 1404 interpretes.
749 1320 914 1405 Δίδυμος,
945 1320 990 1382 ait
1009 1319 1198 1384 scholiastes
1220 1321 1294 1384 adn.
1313 1323 1352 1384 ad

208 1430 262 1492 νε.
285 1429 337 1506 43,
359 1426 394 1494 δέ
416 1447 518 1509 φησιν
546 1419 741 1508 ιίμνντὴρια
763 1415 888 1496 αὐτοῦς
913 1423 979 1488 τῶν
1010 1416 1132 1507 ὀρνέων
1161 1418 1353 1509 βαστάζειν,

210 1525 287 1598 ἀντὶ
309 1527 419 1596 ὅπλον
439 1529 506 1611 μέν
529 1519 567 1591 τέ
593 1525 743 1602 κανοῦν,
764 1519 841 1591 τίντί
866 1523 902 1592 δὲ
924 1525 1186 1608 περικεφαλαίας
1207 1517 1270 1609 τήν
1291 1523 1353 1612 χιί-

209 1655 308 1715 εραν,
343 1635 400 1696 ἵνα
428 1625 479 1712 μὴ
517 1623 733 1708 &proscipere
766 1621 808 1690 ταί
830 1621 931 1708 ὄρνεα
947 1621 1061 1712 τύπτῃ
1091 1620 1227 1699 αὐτοῦς.
1272 1627 1353 1690 Sane

210 1733 311 1807 ollae,
335 1747 412 1812 quas
434 1726 676 1811 prehendendas
699 1743 770 1789 esse
791 1724 946 1810 significat
966 1725 1180 1789 Pisthetaerus
1209 1727 1262 1790 Vs.
1280 1729 1351 1805 357,

211 1853 268 1897 eae
297 1834 386 1913 ipsae
416 1836 503 1906 sunt,
535 1847 614 1910 ques
645 1847 753 1890 secum
782 1826 891 1889 tulisse
924 1833 1051 1889 nostros
1082 1827 1227 1890 homines
1250 1832 1351 1894 Athe-

210 1933 352 2010 nienses,
374 1953 414 1996 ex
434 1934 488 1994 Vs.
505 1932 545 1994 43
569 1929 799 2014 cognoscimus.
843 1929 925 2005 Sed,
948 1945 1030 2009 quae
1053 1929 1094 1990 de
1116 1929 1253 1993 canistro
1278 1931 1354 1996 dixit

211 2036 380 2119 Didymus,
410 2032 491 2096 lalsa
514 2051 601 2109 esse,
622 2032 720 2094 verba
741 2029 962 2109 Aristophanis
992 2047 1087 2111 supra
1111 2031 1267 2112 exscripta
1289 2034 1353 2096 do-

211 2146 290 2207 cent.
334 2137 452 2199 Contra
480 2135 668 2198 scholiastes
702 2135 745 2199 ad
775 2134 830 2197 νε.
845 2131 908 2195 386
931 2139 963 2195 et
983 2133 1047 2196 390
1068 2133 1151 2197 haec
1172 2136 1353 2201 adnotavitr

210 2241 262 2308 καί
285 2232 345 2306 uio
368 2235 543 2324 ὀβελίσκον
564 2235 619 2314 δέ,
640 2237 759 2323 φησίν,
790 2233 880 2308 ὄστιι,Ι
901 2234 993 2302 ἐστίν
1021 2228 1119 2320 ἡμῶν
1142 2232 1240 2324 δέρε,
1260 2232 1354 2312 έντὸε

210 2344 276 2410 τῶν
297 2337 412 2409 ὅπλων
431 2335 492 2428 χρὴ
513 2333 636 2406 λοιτιόν
652 2345 747 2428 ἔχειν·
775 2340 886 2423 λέγει
908 2339 950 2406 tt
973 2336 1065 2407 α’ντλ
1090 2341 1170 2408 τῶν
1191 2340 1352 2429 χυτρῶν.

211 2453 294 2518 teor
325 2442 360 2510 δέ
390 2443 481 2532 εἶχεν
511 2445 573 2508 ἔστι
594 2440 662 2506 τῶν
682 2439 834 2508 donibus
854 2447 943 2531 ἔχειν
964 2436 1007 2508 cci
1040 2438 1176 2528 δόρατα.
1209 2477 1254 2492 -
1288 2445 1353 2510 τῶν

211 2543 325 2615 ὅπλων
346 2541 460 2615 έντόςι
487 2543 657 2630 Κέχρηται
679 2544 721 2628 τῇ
742 2544 824 2622 λέξει
847 2542 924 2612 α’ντλ
954 2546 1023 2612 τείν
1050 2543 1208 2630 ἱματίων,
1237 2540 1353 2611 dccccl

92 2641 97 2652 ⁵
211 2648 307 2724 εἱπε,
326 2647 392 2712 καλ
414 2649 529 2731 έχειν
549 2638 593 2711 co*
616 2641 713 2729 ιλόρν
733 2638 851 2729 παρέ
872 2641 951 2730 τήν
973 2639 1136 2716 ἀσπίδα·
1177 2642 1268 2712 οὕτω
1292 2641 1354 2730 χείρ

212 2749 371 2816 ποιοῦσιν
399 2751 431 2812 οἱ
454 2745 634 2828 πολέμιοι,
654 2746 717 2812 τοῦ
736 2740 787 2829 μὴ
807 2743 966 2821 έξόνιλουε
995 2749 1102 2826 εἶναι,
1133 2741 1219 2814 α’λλιί
1241 2755 1355 2813 καθα·

213 2847 365 2916 πλίσθαι.
407 2847 467 2908 Ηία
487 2848 581 2928 igitur
601 2847 662 2908 sibi
684 2847 854 2928 persuasit,
888 2847 985 2910 ollam
1014 2848 1089 2912 loco
1124 2848 1228 2932 clypei
1250 2848 1355 2911 fuisse.

179 2977 183 2984 ·
212 2953 347 3034 Didymo
371 2950 539 3013 obsecutus
562 2955 610 3012 ost
631 2950 819 3012 Theodorus
842 2951 983 3013 Panollsa
1010 2951 1101 3028 libri,
1133 2953 1187 3032 qui
1207 2951 1357 3014 inscribi-

212 3062 282 3136 tur:
318 3052 517 3115 Recherches
555 3071 609 3114 sur
640 3052 687 3116 les
720 3051 890 3116 veritables
921 3073 1014 3116 noms
1043 3053 1099 3117 des
1132 3071 1223 3116 reses
1252 3053 1356 3128 Grecs,

212 3178 243 3240 p.
262 3158 301 3219 15
321 3176 368 3237 sq.
400 3161 444 3232 et,
477 3160 511 3217 ut
537 3152 628 3216 illam
658 3153 843 3217 sententiam
883 3154 1024 3233 fulciret,
1057 3155 1224 3218 advocarit
1253 3154 1357 3216 locum

212 3257 358 3344 Pollucis,
381 3259 434 3338 qui
457 3265 504 3320 est
524 3256 579 3333 IX,
602 3255 632 3333 7,
655 3255 728 3316 113.
753 3256 825 3333 114,
846 3256 928 3320 falso
951 3258 982 3319 in
1012 3275 1192 3321 sermonem
1213 3256 1357 3318 Franco-

214 3358 361 3442 gallicum
383 3376 585 3432 conuersum,
607 3375 681 3418 nam
708 3357 807 3420 verba
829 3363 937 3446 ε”χεται
963 3362 1024 3442 τῆς
1044 3342 1169 3448 χύτρας
1191 3354 1276 3423 κατέ
1297 3351 1358 3440 τήν

216 3455 364 3546 κεφαλήν
385 3459 428 3542 τῇ
447 3459 529 3544 χιιρλ
550 3459 591 3542 τῇ
606 3456 693 3542 λαιᾷ
714 3477 780 3520 non
802 3457 998 3538 significant:
1023 3460 1121 3524 »tient
1142 3462 1174 3523 la
1195 3459 1306 3542 chytre
1320 3459 1358 3521 de

215 3564 248 3625 la
270 3561 353 3623 main
375 3559 497 3644 gauohe
519 3578 573 3621 sur
593 3557 625 3621 la
646 3560 741 3622 teter.
784 3559 899 3621 lisdem
926 3561 1005 3641 ipsis
1033 3563 1169 3626 Pollucis
1190 3561 1296 3626 verbis
1319 3559 1359 3622 ad

215 3666 300 3727 hunc
329 3664 436 3725 locum
469 3661 688 3743 explicandum
717 3663 784 3746 jam
806 3662 972 3748 Berglerus
999 3683 1073 3727 usus
1096 3669 1179 3741 erat,
1212 3663 1266 3743 qni
1291 3660 1362 3725 nvi-

217 3762 338 3838 deturn,
359 3763 477 3844 inquit,
511 3764 608 3826 »mihi
635 3764 795 3844 respicere
821 3765 864 3827 ad
892 3763 1001 3826 ludum
1021 3764 1129 3840 illum,
1172 3766 1227 3845 qui
1249 3762 1364 3824 dicitur

215 3862 383 3950 χυτρίνδα,
405 3865 479 3945 quia
502 3865 617 3929 chorus
639 3865 749 3947 paullo
768 3874 840 3929 ante
862 3865 997 3943 dicebat,
1019 3885 1054 3929 se
1076 3866 1159 3930 velle
1180 3866 1261 3927 istos
1279 3863 1362 3927 duos

217 3965 357 4038 τίλλειν,
379 3963 547 4044 vellicare,
571 3975 604 4031 et
624 3988 698 4031 mox
719 3969 784 4032 364
816 3968 905 4031 dicit:
927 3971 1011 4049 ἕλκε,
1031 3969 1135 4046 τίλλε,
1157 3979 1246 4044 παῖε,
1268 3965 1366 4050 δεῖρε,

218 4062 339 4138 κόπτε,
368 4061 503 4146 urdene
534 4062 603 4150 τήν
628 4065 766 4159 χύτραν·
796 4070 883 4150 quod
914 4070 1009 4134 etiam
1038 4071 1071 4135 in
1101 4071 1169 4135 illo·
1192 4053 1272 4134 ludo
1295 4065 1365 4130 fieri

221 4165 353 4228 solebat.
405 4164 503 4226 Julius
532 4168 645 4233 Pollux
678 4173 709 4246 9,
734 4173 813 4236 113ε
840 4167 863 4254 ρ’
897 4172 933 4240 dl
965 4174 1133 4263 χατρίνδε·
1176 4167 1195 4240 ὁ
1227 4175 1297 4256 μέν
1329 4173 1367 4236 ἐν
