2910 4672
552 157 613 188 ·--
655 143 784 242 Ι53-

103 331 181 372 unus
205 311 419 388 tantummodo
442 311 576 372 canebat
599 311 676 372 tibia
699 319 729 372 et
756 312 801 384 is,
834 311 888 392 qui
914 331 979 374 non
998 312 1103 375 solum
1127 314 1244 395 primus

99 409 334 493 ingrederetur,
365 413 422 473 sed
449 413 560 487 etiam,
595 421 629 474 ut
650 412 730 474 inira
754 413 850 474 etiam
872 412 1046 474 accuratius
1070 413 1245 494 apparebit,

102 533 176 574 vere
199 514 344 594 princeps
367 521 459 576 essct.
514 514 573 586 Qui
598 507 635 579 οὸ
657 506 867 596 ἐμβατήριον
903 513 1029 588 cecinit,
1058 515 1126 595 eJus
1149 514 1252 596 etiam

99 616 205 690 luisse,
229 612 309 686 roric
332 614 478 692 ἐξοδίονς
499 607 614 681 αὐλεῖν
636 609 716 686 τοὺς
737 611 878 696 νόμους,
900 622 934 674 ut
950 614 1065 674 Cratini
1081 622 1152 676 utar
1164 632 1244 676 'verr

100 717 158 791 bis,
182 717 222 776 de
242 716 355 795 quibus
371 716 450 790 vide,
474 735 555 796 quae
581 699 736 797 congessit
754 715 965 778 Schneiderus
986 714 1008 774 l.
1026 735 1052 776 c.
1068 737 1098 794 p.
1110 717 1171 778 207
1189 738 1244 797 sq„
1323 791 1327 794 ,

97 818 270 899 probabile
294 825 351 879 est.
394 819 461 877 Hos
483 837 560 879 vero
582 817 642 878 hac
665 819 696 878 in
715 817 824 880 tabula
846 816 990 879 effecisse
1008 811 1045 880 ud
1066 814 1245 899 γαμήλιον,

100 918 186 998 quod
209 917 322 979 Pollux
351 918 490 998 appellat
512 919 563 992 lV,
589 921 638 994 10,
662 919 718 995 75,
755 938 832 980 vero
848 937 928 978 essa
951 916 1140 980 simillimum
1164 939 1245 980 eon-

100 1019 208 1092 cedet,
232 1021 285 1099 qui
306 1037 435 1092 eornm,
460 1037 541 1099 quae
564 1021 622 1080 sub
646 1020 742 1080 finem
765 1026 898 1102 aguntur
921 1027 952 1079 et
975 1025 1142 1093 canuntur,
1172 1039 1244 1080 me-

99 1122 233 1182 minerit.
276 1123 344 1181 lam
377 1120 488 1182 Pollux
522 1121 638 1182 eedem
660 1122 732 1184 loco
755 1128 901 1193 testatur,
924 1119 993 1182 cani
1016 1112 1055 1184 cri
1074 1119 1245 1203 γαμήλιον

99 1222 236 1284 maxime
260 1240 298 1282 ea
318 1222 409 1296 tibia,
439 1223 488 1282 cui
510 1215 670 1303 μοναύλῳ
702 1241 817 1282 nomen
841 1228 910 1280 erat
931 1220 1071 1282 inditum.
1116 1219 1243 1286 Conve-

97 1324 144 1385 nit
165 1325 228 1386 hoc
251 1323 376 1406 egregie
401 1340 469 1384 cum
493 1341 551 1396 eu,
584 1325 671 1402 quod
693 1323 792 1384 modo
813 1321 962 1399 vidimus,
995 1321 1168 1394 tibicinem,
1193 1326 1245 1400 qui

95 1421 382 1504 phoenicopterum
402 1423 526 1504 agebat,
550 1421 626 1482 tibia
644 1419 792 1482 cecinisse
813 1421 882 1480 sine
903 1439 981 1484 voce
1001 1420 1116 1486 addita.
1145 1423 1245 1486 Porro

95 1527 181 1582 hacc
202 1525 326 1600 scripsit
347 1523 460 1580 Pollux
482 1523 502 1582 l.
527 1544 552 1582 c.
576 1523 608 1603 ὃ.
628 1523 684 1585 82:
709 1523 866 1605 νίγλαρος
897 1519 930 1584 δὲ
962 1513 1081 1602 μικρός
1106 1544 1157 1594 τις
1185 1520 1273 1590 αὕη

97 1607 436 1708 λίσνος,Αλμὺνοόιος,
457 1625 627 1708 praecellet
643 1620 842 1706 πρόσφορος.
886 1624 970 1706 Ergo
992 1623 1056 1684 bau
1077 1623 1151 1692 tibia
1170 1645 1243 1690 usus

97 1725 196 1786 luisse
230 1725 284 1786 illc
321 1725 436 1788 tibicen
466 1726 598 1788 ridetur.
647 1725 710 1786 Sed
740 1744 779 1788 ea
811 1743 876 1786 non
904 1743 981 1787 sane
1009 1725 1088 1788 sola.
1131 1726 1242 1789 Paullo

96 1826 184 1888 enim
207 1835 296 1902 ante,
331 1826 363 1908 §.
381 1827 432 1900 80,
456 1827 675 1907 grammaticus
710 1827 792 1886 baeu
824 1825 971 1889 tradidit:
1003 1816 1041 1890 ad
1073 1822 1242 1908 γαμήλιον

97 1925 237 2011 αὔλημα
269 1923 328 1994 daie
371 1921 468 1995 citet
503 1920 618 2006 effocat„
655 1927 854 2010 συμφωνίαν
888 1932 955 2011 μὲν
986 1921 1244 2004 ἀποτελοῦντες,
1335 1937 1339 1940 ’

98 2030 224 2113 μείζων
254 2029 288 2096 (λλ
311 2027 447 2112 c'r'ecpcc,
478 2024 531 2094 ὅτι
554 2029 697 2112 μείζονα
719 2022 780 2116 χρὴ
813 2024 874 2094 adr
897 2025 1002 2114 ἄνδρα
1032 2029 1129 2096 εἶναι.
1173 2032 1241 2092 Ne-

96 2133 266 2195 cessarium
289 2131 543 2213 igiturridetur,
573 2139 606 2192 ut
629 2130 783 2195 tibicinem
814 2137 943 2212 praeter
965 2130 1124 2214 νίμλαρον
1147 2132 1241 2197 aliam

96 2252 229 2312 eamque
262 2235 413 2315 majorem
444 2233 551 2295 tibiam
578 2233 728 2298 babuisse
756 2241 937 2300 statuamus.
985 2235 1072 2296 llaec
1100 2235 1126 2297 si
1155 2244 1241 2296 recte

96 2342 170 2396 sunt
197 2334 370 2414 disputata,
405 2353 467 2395 uno
499 2341 583 2394 certe
614 2335 758 2414 exemplo
786 2335 915 2415 iusuper
945 2335 1070 2404 firmata
1100 2345 1172 2408 sunt
1194 2357 1242 2412 ea,

95 2455 178 2518 (puae
202 2453 295 2516 supra
320 2435 360 2496 da
389 2436 499 2501 rostris
523 2443 683 2516 quattuor·
701 2436 804 2499 avium
832 2436 968 2504 musicos
992 2437 1150 2518 agentium
1180 2439 1240 2500 iis-

97 2543 171 2602 dem
184 2540 268 2602 tibiis
284 2542 444 2632 posuimus
466 2545 529 2606 alia
544 2543 591 2606 usi
608 2541 859 2608 ratiocinatione.
896 2542 1075 2612 ,Porro‘ad
1089 2562 1137 2620 ea,
1157 2562 1242 2625 quac

97 2643 193 2704 modo
217 2644 431 2720 disseruimus,
456 2645 582 2728 egregie
606 2645 740 2726 quadrat
762 2645 856 2709 etium
880 2644 966 2718 illud,
990 2644 1075 2723 quod
1096 2646 1237 2724 phoeni-

96 2753 258 2826 ceptorum
281 2748 467 2830 Aegyptiam
491 2767 582 2810 avem
606 2768 676 2810 esse
700 2749 813 2810 scimus
838 2767 875 2816 ex
897 2747 970 2809 loco
994 2746 1158 2808 lleliodori
1179 2769 1240 2816 su-

93 2867 153 2926 pra
175 2849 282 2910 allato.
324 2851 403 2912 Nam
427 2871 466 2911 ex
491 2851 563 2913 loeo
595 2851 732 2912 Pollucis
760 2848 869 2930 paullo
902 2865 997 2928 supra
1019 2847 1238 2927 primumad·

93 2950 196 3010 bibito
219 2960 348 3030 practer
377 2951 432 3012 illa
459 2951 605 3025 dicimus,
637 2945 809 3030 piarentur
840 2949 1066 3030 Aegyptiorum
1089 2969 1161 3012 esse
1187 2951 1240 3010 in-

93 3061 232 3112 ventum.
262 3051 375 3112 ltidem
385 3052 565 3112 Athenaeus
587 3070 625 3112 ex
645 3049 726 3112 Juba
739 3047 838 3112 refert
858 3049 907 3122 lV,
924 3049 995 3119 175,
1011 3050 1047 3121 E,
1064 3041 1239 3129 μίνανλον

93 3151 135 3212 ab
157 3152 283 3212 Osiride
306 3169 376 3214 esse
391 3153 559 3214 inventum.
603 3152 633 3212 ls
650 3150 744 3232 igitur
759 3150 845 3212 haud
863 3149 956 3211 dubie
977 3147 1186 3213 adhibebatur
1199 3152 1240 3214 ad

92 3251 211 3316 cultum
234 3253 366 3316 Osiridis
390 3263 422 3316 et
443 3255 553 3334 isidis,
580 3274 715 3336 quocum
739 3255 851 3316 eximie
874 3251 1031 3332 congruit,
1061 3253 1147 3332 quod
1167 3256 1237 3320 Hc-

92 3354 235 3446 liodorus
273 3357 417 3431 tradidit,
447 3357 730 3438 phoenicopterum
765 3375 855 3436 arem
895 3354 969 3416 isidi
1003 3372 1125 3416 sacram
1156 3377 1236 3423 essa.

91 3457 235 3535 Denique
258 3459 351 3520 etiam
381 3461 557 3544 cu'ylapov,
598 3477 705 3540 quam
730 3459 837 3521 tibiam
867 3458 1110 3538 phoenicopteri
1138 3459 1236 3524 tuisse

92 3558 302 3638 conjecimus,
324 3561 457 3622 vidimus
481 3580 500 3621 a
522 3562 651 3626 Polluce
674 3563 835 3643 Aegyptiis
857 3560 960 3622 tribui.
1006 3560 1142 3622 Omnino
1158 3560 1235 3637 jam,

92 3660 151 3720 uisi
174 3661 280 3722 omnia
302 3679 353 3722 me
376 3661 505 3738 fallunt,
538 3664 570 3724 in
599 3663 774 3727 clarissima
806 3664 877 3726 lucc
906 3671 954 3727 est
986 3664 1142 3744 positum,
1180 3681 1235 3723 cur

90 3761 147 3823 illa
168 3763 322 3846 Aegyptio
345 3767 543 3846 potissimum
566 3766 742 3830 tribuantur
765 3768 884 3831 tibicini
909 3775 940 3828 et
961 3786 1076 3848 parre,
1100 3787 1155 3830 cur
1179 3767 1232 3828 in-

91 3875 138 3930 ter
160 3885 235 3928 avos
257 3868 426 3949 Aegyptias
449 3870 509 3949 ipsi
531 3869 791 3952 phoenicoptero.
816 3905 857 3917 -
879 3871 1231 3949 Insistamusssaliquau-

93 3969 191 4050 tisper
211 3969 272 4030 bac
304 3971 415 4032 eadem
438 3975 498 4034 ria.
549 3974 717 4048 Quaeritur
745 3983 818 4054 post
839 3974 987 4038 haecita
1010 3978 1184 4056 disputata,
1215 3983 1232 4019 θ

92 4073 279 4150 quibusnam
302 4073 392 4137 terris
424 4075 568 4138 Cominus
600 4077 747 4140 oriundas
772 4077 903 4161 cogitari
938 4079 1073 4144 voluerit
1100 4076 1308 4143 altena*

93 4195 229 4256 upupam
260 4183 291 4236 et
311 4179 526 4261 aucupcycir·
570 4183 689 4262 llpupa‚
1199 4180 1208 4208 ‘
