2910 4672
565 124 777 187 -ta-

99 292 191 376 bajus
229 295 294 356 avis
334 294 574 356 commemorari
606 294 742 375 plurics;
789 297 848 358 scd
875 298 987 371 verba,
1033 299 1143 379 quibus
1179 301 1241 364 hoc

98 393 146 470 fit,
170 399 213 458 ita
234 404 306 458 sunt
327 402 581 476 comparata‚ut
602 395 729 460 minime
752 417 830 479 opus
853 400 892 460 sit
913 406 1060 480 respecta
1082 401 1149 482 ejus
1157 436 1171 475 ,·
1188 405 1241 482 qui

97 496 134 557 in
152 499 313 562 orchestra
336 499 535 573 versabatur,
552 497 632 580 galli
655 499 817 581 gallinacei
839 500 921 563 dicta
942 503 1129 566 existimare.
1171 505 1239 564 lam
1317 535 1319 540 ·
1364 529 1373 542 ·

96 617 174 660 vero
197 602 250 663 Vs.
266 602 330 664 832
348 621 416 681 sqq.
439 600 635 662 Pistbetaero
655 601 880 683 interroganti:
987 613 989 616 ·

230 703 292 776 Τίς
318 703 371 768 det
401 705 534 778 καθέξει
562 702 625 785 τῆς
652 699 777 776 πόλεως
803 700 840 770 τὸ
870 707 1097 790 Πελοργικόν,·
1170 745 1172 754 1

93 805 138 864 ita
160 805 333 885 respondet
354 806 482 885 Upupa:

177 923 179 930 “
217 901 341 986 Ὄρνις
366 898 424 987 αφ’
450 899 546 986 ἡμῶν
574 905 636 992 κοιλ
661 903 780 988 ydrons
806 907 870 972 τού
899 907 1085 988 Περσικοῦ,

223 997 326 1085 ὅσπερ
353 1003 483 1085 λέγεται
512 998 704 1075 κλεινότατος
730 1003 817 1072 εἶναι
846 1011 1024 1093 πανταχοῦ

216 1098 345 1187 ’Ἄρεως
370 1103 523 1194 νεοττός,
600 1109 604 1114 ’
643 1101 645 1109 ’
814 1099 819 1106 ’

91 1225 156 1286 quo
179 1206 264 1267 facto
285 1205 456 1288 Euelpides
481 1192 650 1269 e'xclamat:
767 1246 771 1252 »

424 1295 426 1302 ⁴
515 1299 567 1372 'tl
589 1309 735 1372 νεοττὲ
761 1308 924 1395 δέσποτα·
1042 1311 1045 1318 ’

220 1403 262 1482 οἷς
291 1403 324 1474 δ’
350 1401 472 1484 taeda
492 1403 697 1508 ,ἐπιτήδειος
715 1415 815 1476 οἰκεῖν
843 1411 896 1476 ἐπὶ
925 1415 1064 1493 πειρῶν.

87 1531 182 1604 Quae
209 1530 307 1592 verba
332 1528 372 1589 ad
402 1543 502 1604 eum·,·
523 1531 575 1608 qui
605 1530 730 1605 aderat,
763 1528 878 1622 gallum
906 1530 1112 1611 gallinaceum
1134 1531 1234 1615 dirigi,

87 1650 159 1691 cum
189 1649 248 1710 per
276 1649 311 1690 se
341 1629 508 1710 probabile
539 1637 601 1704 est,
620 1637 700 1690 ‘tum
730 1649 794 1691 non
824 1629 991 1712 negabitur
1020 1631 1060 1690 ab
1093 1648 1149 1706 eo,
1182 1638 1235 1714 qui

86 1733 280 1806 meminerit,
304 1752 366 1813 quo
384 1739 529 1811 respectu
550 1748 602 1807 ea,
622 1739 794 1812 quaesunt
812 1731 911 1793 altero
932 1747 1040 1806 versu,
1053 1729 1124 1794 'sint
1142 1735 1233 1797 dieta.

83 1833 174 1913 Ergo
193 1833 324 1912 amplius
344 1831 472 1892 dubium
492 1849 562 1891 esse
581 1849 646 1890 non
664 1839 783 1910 potest,
807 1835 880 1908 quin
897 1831 1000 1910 pullus
1019 1833 1114 1894 fuerit
1135 1837 1233 1914 gallus

83 1933 296 2014 gallinaceus3
332 1935 415 1995 unde
443 1951 550 1992 rursus
579 1931 734 2010 sequitur,
765 1940 799 1992 ut
827 1931 951 1992 cristam
978 1951 1042 1992 non
1069 1931 1234 2013 babuerit}

82 2035 120 2094 in
148 2051 243 2112 quam
272 2053 340 2094 rem
369 2052 433 2094 non
459 2031 620 2115 indiguum
651 2047 783 2106 censeo,
820 2031 871 2112 qui
901 2033 1097 2108 conferatur,
1129 2035 1232 2098 locum

82 2134 261 2230 lleraclidis
288 2142 446 2198 servatum
474 2134 514 2196 ab
542 2134 706 2198 Athenaeo
734 2134 810 2208 XII,
828 2155 870 2214 p.
883 2133 948 2195 533
966 2135 1006 2208 E,
1037 2153 1232 2216 repraesen-

85 2246 184 2300 tatum
207 2255 226 2298 a
247 2235 405 2298 Meinekio
428 2235 550 2316 Fregel.
574 2234 661 2296 Com.
685 2234 737 2296 er.
764 2235 1057 2314 v01.111‚p.465:

215 2333 442 2420 Ἀλεκτρυόνα
469 2336 530 2404 τὸν
560 2339 621 2400 τοῦ
648 2337 821 2404 Φιλίσκον
848 2330 1057 2419 παραλαβών

217 2437 295 2520 α’ωρλ
321 2430 532 2518 κοκκύζοντα
556 2437 609 2502 καλ
638 2431 862 2518 πλανώμενον

216 2541 416 2624 κατέκοψεν·
450 2540 499 2605 ori
526 2536 603 2624 yolo
630 2537 743 2626 εἶχεν
770 2526 930 2607 οὐδέπω
958 2534 1106 2621 lipom

84 2642 131 2704 ad
148 2660 243 2723 quem
265 2641 427 2703 adnotavit
447 2641 495 2704 vir
518 2640 678 2724 egregius,
710 2639 1044 2721 Schweighaeuserum
1066 2644 1165 2705 verba
1189 2642 1230 2710 ου’

81 2737 149 2826 γσλρ
171 2742 260 2828 εἶχεν
284 2734 417 2807 οὐδέπω
439 2736 546 2824 λα’φσν
569 2741 609 2802 ad
630 2741 819 2822 imperitiam
843 2749 874 2802 et
892 2742 1086 2824 juventatem
1107 2743 1229 2806 Addaei

82 2843 217 2905 referre.
258 2844 327 2904 lam
349 2843 375 2903 si
397 2843 563 2923 probabile
587 2851 649 2918 est,
672 2862 712 2904 ne
736 2843 852 2925 gallum
875 2843 1000 2922 quidem
1023 2844 1228 2924 gallinaceum

82 2951 138 3006 aut
160 2943 292 3016 alteram
314 2961 451 3024 upupam
474 2945 614 3006 cristatas
637 2944 732 3005 nisse
756 2963 846 3019 aves,
875 2960 968 3023 quam
989 2942 1046 3004 fiat
1067 2929 1227 3019 credibile,

82 3047 179 3110 etiam
201 3061 288 3115 eam,
318 3063 399 3124 quac
422 3046 624 3127 κατωφαγᾶς
647 3045 838 3125 appellatur,
869 3045 960 3104 crista
983 3045 1135 3119 caruisse,
1164 3066 1226 3108 non

81 3156 132 3209 est
162 3144 249 3226 quod
277 3162 434 3204 moneam.
488 3145 539 3206 Et'
557 3143 601 3205 ita
631 3143 745 3218 fuisse,
783 3160 914 3204 necesse
946 3148 994 3202 est
1023 3143 1072 3203 vel
1104 3162 1163 3222 per
1193 3163 1227 3206 se

79 3252 220 3309 statuant
241 3244 277 3317 ii,
300 3243 352 3324 qui
375 3243 559 3323 pelecanum
583 3243 802 3306 onocrotalum
824 3241 1058 3322 intelligendum
1079 3262 1148 3306 esse
1168 3245 1227 3308 sibi

78 3347 304 3432 persuaserint.
325 3381 369 3394 -
423 3347 511 3410 Haec
539 3348 700 3410 hactenns.
754 3347 877 3420 Restat,
916 3350 949 3404 nt
979 3343 1040 3404 alia
1070 3346 1226 3426 quaedam

79 3452 232 3534 agitemus
262 3447 467 3529 disputando,
498 3467 580 3529 quae
608 3455 640 3510 ct
663 3443 786 3510 obverti
811 3447 903 3508 nobis
932 3445 1054 3526 possint
1080 3455 1227 3528 quattuor

78 3553 149 3614 illas
173 3567 247 3612 aves
269 3551 404 3611 musicos
427 3569 499 3611 esse
520 3550 733 3626 censentibus,
758 3557 789 3612 ct
811 3550 852 3612 ed
875 3551 1052 3612 universam
1071 3549 1226 3610 rationem

80 3653 269 3714 musicorum
288 3649 483 3711 scenicorum
500 3650 635 3730 penitius
657 3651 907 3730 cognoscendam
927 3649 1014 3709 haud
1032 3650 1136 3729 exigui
1156 3659 1227 3712 sunt

80 3753 239 3816 momenti.
283 3754 352 3816 Jam
375 3756 448 3812 ante
477 3768 572 3832 quarn
604 3749 800 3815 orchestram
818 3749 1058 3831 ingrederentur
1078 3758 1233 3832 quattuor·

79 3857 152 3918 illae
182 3873 273 3929 aves,
301 3853 478 3928 lusciniam,
509 3859 575 3916 tum
603 3851 731 3934 quidem
758 3871 822 3916 non
850 3851 1109 3931 adspectabilem,
1142 3854 1224 3916 tibiis

81 3958 245 4031 cecinisse,
275 3974 370 4036 supra
394 3956 546 4018 monitum
575 3965 633 4020 est.
687 3957 734 4022 Ea
759 3961 870 4036 postea
898 3971 1026 4017 scenam
1050 3956 1224 4040 ingreditur

76 4059 166 4134 loco,
196 4075 305 4138 quem,
333 4063 485 4136 quatenus
508 4057 622 4146 diguus,
642 4066 704 4138 est,
733 4056 787 4138 qui
808 4056 981 4118 accuratius
1004 4063 1221 4142 cogrroscatuf,

80 4159 131 4222 bic
153 4175 314 4241 apponam
334 4158 506 4240 integrum:

958 4265 977 4321 ιλ
