2910 4672
673 155 880 215 ...30-

218 327 336 402 Quibus
367 327 398 385 in
428 326 601 406 anapaestis
633 343 704 385 num
733 323 829 385 verba
859 313 989 404 καθαρό
1019 333 1110 407 χωρεῖ
1136 325 1193 381 etc.
1223 336 1336 379 revera

216 434 276 493 sint
297 449 316 490 a
337 435 432 509 poeta
453 419 633 499 όουνιλετώς
657 426 795 508 subjecta
818 424 871 499 iis,
902 441 981 504 quae
1005 421 1207 504 praecedunt,
1237 438 1335 501 penes

218 555 273 597 eos
298 532 446 615 judicium
473 535 556 602 esto,
590 529 642 608 qui
666 536 730 589 tam
751 527 855 588 felices
879 527 953 600 sint,
980 535 1028 600 ut,
1058 524 1230 608 asyndeton
1251 524 1335 605 apud

216 645 325 719 poetas
353 633 490 695 scenicos
519 630 571 692 ubi
599 639 702 711 aptum
730 631 783 705 sit,
815 629 868 690 ubi
895 649 958 690 non
986 629 1040 703 sit,
1070 647 1105 689 se
1133 633 1218 688 certo
1246 626 1335 700 scire,

216 741 274 802 sibi
296 735 512 819 persuaserint.
554 735 600 794 Ex
622 753 692 795 meo
715 734 839 813 quidem
860 753 952 796 sensu
972 733 1125 795 hocloco
1146 739 1249 813 aptum
1270 750 1335 792 non

217 852 279 920 est;
308 840 451 918 idemque
473 836 548 898 illud
570 845 654 899 certo
677 837 740 897 scio
762 836 906 908 facillime
927 837 1079 899 sublatum
1099 835 1138 898 iri
1159 834 1230 897 loco
1252 832 1335 895 hunc

216 948 248 1008 in
270 944 396 1008 modum
418 945 551 1000 mutato:

440 1078 482 1088 -
504 1043 620 1126 γένυος
647 1045 786 1130 ξουθῆς,

326 1139 501 1226 καθαρόν
529 1157 660 1230 χωρεῖν
687 1139 741 1212 dcci
767 1137 976 1230 φυλλοκόμου

326 1246 466 1330 μίλακος
491 1238 554 1332 tipo*
579 1243 662 1329 πρός
687 1242 763 1320 Διός
790 1243 901 1331 1εἰλρας·

330 1344 373 1412 ἵν’
391 1379 434 1392 -·

215 1451 246 1512 h.
270 1469 297 1511 e.
327 1445 408 1513 ιόοτε
432 1460 542 1535 χωρεῖν
568 1443 725 1533 καθαρόν
748 1445 812 1538 η’χιό
839 1457 895 1512 etc.

298 1573 372 1632 Post
395 1569 448 1629 Vs.
465 1565 527 1628 222
554 1567 585 1627 in
608 1565 698 1630 codd.
720 1589 809 1632 mser.
832 1579 863 1633 et
884 1591 964 1634 nunc
990 1572 1143 1653 reperitur
1171 1579 1203 1634 ct
1223 1573 1286 1654 jam
1312 1590 1331 1632 a
1444 1557 1445 1608 3

216 1676 383 1740 scholiasta
400 1672 524 1734 inventa
537 1678 585 1736 est
601 1666 852 1756 παρεπιγραιμὴε
875 1669 969 1743 αὐλεῖ
984 1677 1097 1747 carrel
1112 1669 1214 1744 αόλει.
1242 1674 1334 1736 Haud

215 1783 332 1860 inepte,
354 1796 463 1859 perse
483 1773 620 1856 quidem,
641 1793 712 1840 nam
730 1776 929 1840 lusciniarum
949 1786 1054 1841 cantus
1073 1779 1188 1860 optime
1210 1786 1336 1860 poterat

216 1882 290 1943 tibia
317 1878 456 1943 canendo
485 1878 578 1939 reddi
606 1886 637 1939 ct
657 1879 710 1940 Vs.
729 1879 791 1944 682
808 1900 854 1961 sq.
875 1881 1011 1954 Procne,
1039 1864 1203 1962 postauam
1226 1880 1334 1942 habitu

213 1986 357 2049 tibicinae
384 2001 507 2045 scenam
533 1982 674 2064 ingressa
699 1990 760 2057 est,
789 1981 822 2044 id
845 1983 929 2064 qnod
955 1983 1036 2046 inira
1056 1982 1333 2047 demonstrabimus

214 2089 401 2161 accuratius,
433 2105 524 2166 quam
546 2085 648 2148 adhuc
666 2086 783 2148 sactum
805 2097 866 2164 cst,
897 2089 1069 2169 appellatur
1089 2087 1138 2148 his
1160 2086 1280 2150 verbis:

368 2179 391 2251 ὦ
418 2180 602 2270 καλλιβόαν
627 2185 771 2269 κρέκουο’
797 2211 801 2218 ·

368 2283 471 2357 αόλόν
498 2291 691 2376 φθέγμασιν
717 2283 853 2376 ἠρινοῖς.

214 2412 276 2476 Sed
298 2412 470 2493 quaeritur,
500 2407 576 2472 sitne
604 2412 782 2491 probabile,
816 2415 956 2474 Procnen
979 2413 1044 2494 jam
1071 2413 1132 2474 illo
1150 2414 1222 2474 loco
1248 2414 1333 2474 ceci-

212 2520 303 2579 nisse.
345 2515 420 2576 Mihi
442 2515 565 2593 quidem
587 2533 674 2576 secus
696 2516 817 2577 videtur
838 2514 1032 2576 statuendum
1054 2533 1132 2574 csse.
1179 2515 1248 2578 Non
1269 2534 1333 2595 po-
1443 2497 1444 2526 ³

211 2621 327 2683 stulare
347 2617 423 2678 illud
443 2617 625 2680 Pisthetaeri
646 2621 743 2681 verba
765 2618 979 2679 exclamantis:

323 2710 347 2782 τό
373 2717 444 2784 Ζεῦ
470 2720 627 2802 βασιλεύ,
655 2723 717 2787 τοῦ
744 2720 942 2803 φθέγματος
966 2711 1178 2801 τούρνιθίου·

324 2817 395 2886 οἷον
423 2821 658 2902 κατεμελίτωσε
688 2816 751 2904 τόν
777 2816 905 2909 λόχμην
931 2819 1039 2902 diem·

212 2941 291 3005 quae
312 2923 479 2984 recitantur
500 2923 552 2985 Vs.
568 2923 628 2987 223
648 2934 680 2987 et
696 2925 772 2999 2211,
794 2924 825 2985 in
846 2923 1012 3006 propatulo
1033 2931 1079 2985 est
1099 2923 1204 2998 situm,
1227 2925 1333 3005 quidni

212 3029 294 3089 enim
324 3026 364 3087 ad
394 3033 514 3089 cantum
544 3030 671 3111 Upupac
702 3030 804 3091 locum
835 3029 998 3091 arboribus
1030 3026 1141 3109 (iisque
1172 3027 1265 3103 taxis,
1299 3038 1334 3090 nt

210 3137 341 3213 apparet
366 3151 405 3191 ex
426 3131 478 3192 Vs.
492 3129 566 3215 216)
595 3131 724 3194 densum
752 3133 909 3214 ingressae
936 3139 1008 3213 post
1031 3132 1083 3193 Vs.
1102 3129 1164 3194 208
1191 3139 1333 3212 spectare

208 3235 353 3314 possint?
395 3235 561 3296 Praeterea
582 3254 683 3316 neque
707 3215 784 3317 opas
807 3245 869 3313 cst,
891 3245 924 3297 ut
940 3238 1007 3319 jam
1023 3253 1103 3296 nnnc
1122 3242 1242 3295 cantum
1260 3233 1335 3297 edat

209 3334 352 3410 luscinia,
380 3343 427 3402 et,
455 3356 534 3397 nunc
557 3355 626 3398 eam
647 3340 785 3400 nondum
806 3339 967 3411 cecinisse,
998 3355 1037 3396 ex
1057 3339 1110 3397 Vs.
1126 3335 1187 3394 204
1206 3335 1334 3414 proba-

207 3436 271 3497 bile
292 3435 336 3498 fit.
379 3440 447 3501 lloc
469 3442 549 3501 enim
570 3442 640 3504 loco
664 3463 757 3527 quum
778 3445 886 3527 Upupa
908 3441 980 3502 dicit
1001 3438 1186 3519 καλοῦμεν,
1210 3455 1274 3498 non
1296 3459 1333 3500 se

208 3541 306 3602 solam
337 3541 492 3624 intelligit,
533 3551 566 3605 ut
594 3546 774 3609 scholiastes
806 3547 988 3617 arbitratur,
1029 3542 1098 3604 sed·
1116 3559 1149 3602 se
1181 3541 1271 3604 simul
1302 3553 1334 3605 ct

209 3642 377 3707 lusciniam.
437 3647 504 3708 lam
536 3666 613 3709 vero
646 3651 717 3729 quia
748 3652 858 3732 Upupa
884 3665 946 3709 non
975 3647 1108 3710 advocat
1140 3663 1213 3707 arcs
1245 3645 1331 3726 prius

209 3762 301 3822 quam
328 3749 478 3810 canticum
507 3753 602 3826 canit,
634 3753 718 3833 quod
744 3753 850 3834 incipit
876 3754 967 3812 aVs.
984 3751 1059 3823 227,
1090 3753 1331 3810 consentaneum

209 3852 270 3920 est,
302 3857 334 3909 ut
355 3870 413 3912 nec
433 3852 560 3914 luscinia
585 3855 670 3936 prius
697 3874 809 3919 canere
835 3851 999 3931 inceperit,
1030 3855 1126 3929 quum
1148 3851 1331 3928 praesertim

208 3951 388 4032 participem
413 3954 507 4016 inisse
535 3957 614 4020 illius
644 3960 752 4021 cantici
780 3963 896 4018 tantum
922 3971 986 4012 non
1013 3960 1130 4014 certum
1154 3953 1204 4014 sit.
1245 3953 1330 4034 Ergo

208 4052 373 4134 probabile
399 4061 461 4130 ast,
497 4057 756 4144 παρεοιγραφῆο
781 4075 844 4118 non
871 4073 909 4115 ex
935 4061 1037 4117 mente
1062 4065 1176 4137 poetae
1197 4055 1331 4135 positam

210 4175 278 4218 esse
301 4156 339 4218 ab
364 4175 418 4230 eo,
449 4157 501 4236 qui
521 4162 675 4239 posuerit,
703 4157 912 4242 grammatico.
1007 4165 1010 4174 ’

293 4258 518 4341 Expergelacta
535 4261 662 4323 luscinia
680 4267 888 4324 convocantur
904 4277 986 4322 aves.
1029 4260 1134 4322 Verba
1151 4261 1230 4321 haec
1246 4267 1330 4320 sunt:
