2910 4672
714 95 1028 156 ..36..·

249 283 342 345 posse
367 267 398 325 in
426 265 560 326 animum
586 263 645 326 sibi
671 261 841 324 induxeritl
889 261 999 324 Paullo
1022 262 1171 325 curiosius
1197 262 1229 323 in
1252 262 1380 324 illarum

248 367 400 428 rationem
430 367 532 430 avium
560 368 762 449 investigasse
791 365 945 429 Genellins
974 365 1110 444 pacm,
1133 367 1171 428 si
1201 385 1240 428 ex
1268 367 1379 447 paucis

247 469 320 545 illis,
343 489 421 550 qnae
439 471 559 532 ducbns
581 471 658 532 locis
676 470 742 531 noti
762 468 843 532 illius
869 470 908 531 de
930 469 1053 530 theatro
1070 468 1251 530 Atheniensi
1269 470 1378 551 operis

246 571 306 632 hac
333 574 372 635 de
398 593 433 634 re
459 574 568 634 leviter
594 574 735 656 projecta
756 573 952 654 reperiuntur
978 580 1009 634 et
1029 571 1062 632 in
1082 579 1258 636 transcursu
1281 593 1377 636 ccm-

247 681 432 749 memorata,
458 677 632 736 universam
653 676 749 757 ipsius
771 685 906 739 mentem
926 683 1010 737 recte
1030 674 1211 736 divinamus.
1254 676 1377 738 Genei-

247 774 304 835 lius
328 775 409 836 enim
431 797 524 856 quum
547 798 608 839 nno
629 779 701 840 loco
723 779 838 862 gallum
860 779 1074 862 gallinaceum,
1098 798 1160 858 qno
1183 778 1222 839 de
1244 779 1297 840 Vs.
1311 777 1376 839 275

245 895 347 938 sermo
371 887 431 954 est,
457 879 605 962 imprimis
628 882 708 944 inter
726 901 819 957 aves,
843 901 922 966 qnae
944 884 996 944 Vs.
1010 882 1072 944 448
1095 878 1227 948 ὁπλῖται
1248 898 1375 942 nuncu-

244 988 371 1059 pentur,
393 983 618 1046 recensendum
641 1005 710 1046 esse
733 986 899 1060 existimet,
922 985 1020 1048 videri
1034 992 1138 1065 potest
1156 986 1198 1046 ita
1214 982 1375 1058 statuisse:

243 1082 391 1162 primum,
422 1105 541 1170 avesa
566 1089 719 1171 principio
748 1075 914 1150 exercitum
938 1089 1058 1150 referre
1081 1096 1112 1149 et
1132 1094 1277 1172 quattuor
1303 1086 1373 1148 illas

244 1204 316 1248 aves
340 1207 408 1249 esse
431 1191 532 1271 gravis
554 1202 729 1256 armaturae
751 1193 877 1268 milites,
899 1192 1004 1274 viginti
1027 1199 1173 1273 quattuor
1193 1209 1270 1254 vero
1293 1209 1371 1252 aves

243 1295 354 1369 postea
382 1303 611 1373 comparentes,
649 1317 666 1358 e
697 1297 806 1378 quibus
836 1296 950 1357 chorus
981 1301 1116 1370 constat,
1153 1295 1265 1356 milites
1293 1281 1370 1356 levis

244 1401 481 1455 armaturae-
497 1397 556 1458 nisi
577 1397 658 1459 forte
681 1399 822 1479 opinatus
845 1403 906 1470 est,
928 1395 984 1456 has
1008 1414 1079 1458 aves
1102 1417 1136 1458 se
1158 1397 1283 1459 omnino
1307 1415 1371 1458 nan

244 1495 410 1556 accinxisse
428 1495 468 1556 ad
480 1517 615 1580 pugnam
632 1501 799 1583 gerendam
814 1520 870 1576 —;
892 1498 1019 1572 deinde,
1041 1499 1108 1558 illas
1126 1483 1271 1578 quattuor
1286 1516 1370 1570 aves,

244 1617 337 1676 quum
367 1616 471 1679 pugna
504 1619 567 1663 ncn
600 1602 698 1663 visum
728 1609 810 1662 esset
842 1619 951 1681 opus,¹
978 1599 1139 1662 discedere
1168 1602 1270 1682 jussas
1303 1618 1370 1661 esse

243 1704 295 1764 Vc.
308 1701 379 1765 449.
429 1704 571 1765 Eundem
594 1702 780 1780 Genellium,
811 1726 905 1786 quum
931 1706 1030 1768 altero
1057 1705 1128 1766 laco
1150 1723 1207 1764 nos
1230 1702 1369 1779 edoceat,

244 1806 345 1888 gravis
368 1813 543 1868 armaturae
565 1824 638 1870 aves
659 1808 855 1871 descendisse
874 1809 913 1870 de
935 1826 1026 1890 rupe,
1050 1823 1129 1889 qnae
1150 1807 1182 1869 in
1202 1806 1368 1886 proscenio

152 1951 154 1958 -
242 1910 350 1989 luerit,
372 1912 536 1994 probabile
559 1918 606 1972 est
628 1911 798 1988 censuisse,
826 1919 970 1993 quattuor
990 1913 1066 1990 illas¹
1081 1929 1154 1978 aves
1177 1908 1367 1975 orchestram

243 2016 368 2076 omnino
391 2035 455 2076 non
476 2035 546 2078 essa
566 2016 731 2097 ingressas.
773 2016 841 2076 Hae
859 2016 1030 2080 sententiae
1050 2023 1113 2080 tam
1130 2021 1202 2078 sunt
1216 2011 1367 2087 infirmae,

244 2118 369 2198 utplus
395 2119 501 2202 viginti
528 2118 698 2183 rationibus
722 2118 896 2200 impugnari
923 2120 1044 2200 possint
1066 2126 1097 2180 et
1118 2117 1225 2178 everti.
1273 2116 1367 2191 Quas,

242 2227 276 2285 ut
304 2221 431 2284 chartae
459 2241 639 2304 parcamus,
673 2242 738 2289 nan
764 2223 938 2294 afferemus.
965 2281 967 2288 ,
996 2222 1063 2288 Sed
1074 2236 1143 2288 ,aon
1166 2220 1226 2283 erit
1241 2219 1365 2295 vinatiis,

242 2325 378 2390 breviter
406 2326 542 2409 attigisse
566 2327 653 2390 illum
678 2327 796 2402 locum,
829 2346 869 2390 ex
891 2346 956 2407 quc
984 2345 1091 2392 omncs
1115 2325 1194 2388 istae
1222 2321 1365 2392 bariole-

242 2429 341 2493 tiones
358 2431 507 2512 originem
522 2430 651 2496 naxiae
666 2429 817 2494 videntur.
848 2431 1006 2512 chcntur'
1021 2431 1074 2492 Vs.
1082 2429 1148 2490 448
1154 2445 1222 2508 sqq.
1236 2426 1365 2491 baccea:

365 2528 525 2602 Ἀκούετε.
543 2527 619 2617 legi·
636 2526 728 2623 ,serie
750 2528 891 2606 declives
915 2534 1054 2616 νυνμενὶ
1177 2590 1179 2598 ,

340 2695 343 2700 .
369 2625 889 2718 οἶνολοροένονς.θῶνολ’·ἅπιένοι
914 2629 1020 2704 edim
1049 2633 1178 2712 oi'ecis,

365 2751 502 2806 cannete
517 2731 554 2804 d?
574 2733 592 2806 ὅ
614 2762 657 2804 νο,
671 2731 717 2804 cic
737 2734 980 2822 προγράφωμεν
1002 2743 1038 2807 ἐν
1060 2749 1127 2812 scic
1152 2737 1335 2826 ῃννονίοιρ.
1437 2741 1438 2750 ’

240 2841 326 2904 llaec
357 2843 448 2926 igitur
479 2843 592 2921 verba,
634 2842 746 2923 quibus
774 2840 880 2922 pravis
912 2848 1088 2905 armaturae
1104 2841 1231 2906 milites
1261 2840 1364 2904 redire

239 2941 366 3014 domum
390 2946 553 3028 jubentur,
581 2956 698 3027 certum
719 2946 845 3019 habeo,
868 2963 932 3008 non
954 2964 973 3006 a
993 2962 1148 3027 praecone
1170 2945 1287 3018 adum,
1318 2942 1365 3007 cui

239 3048 331 3130 vulgo
358 3050 532 3115 tribuuntur
559 3069 599 3114 ex
623 3050 686 3112 fide
705 3050 817 3125 nnius,
851 3057 885 3112 ut
910 3048 1046 3125 videtur,
1063 3046 1364 3120 codicis-tatoni,

237 3153 445 3233 pronuntiari,
468 3155 526 3216 sed
544 3173 564 3218 a
579 3153 786 3228 Pistbetaerc‚
809 3161 910 3235 neque
922 3155 974 3216 ed
993 3155 1122 3218 chorum
1143 3152 1245 3216 avium
1264 3149 1364 3231 dirigi,

238 3262 272 3314 nt
297 3257 390 3335 vulgo
415 3265 571 3334 statuunt,
601 3257 658 3322 sed
686 3256 737 3318 aa
750 3257 864 3320 solum·
880 3258 1070 3339 Euelpidem.
1119 3255 1252 3316 animm
1281 3253 1366 3317 enim

238 3355 319 3421 crdo
347 3357 468 3421 dicendi
492 3359 558 3438 jam
587 3365 634 3422 est
659 3359 743 3437 apud
764 3359 1002 3433 Pisthetaencm3
1032 3357 1144 3422 deinde
1166 3361 1262 3416 nenia
1284 3371 1366 3415 sen-

239 3459 402 3526 tentiarum
423 3467 589 3535 mombar,
610 3461 820 3526 hunczsnnitta
839 3463 942 3524 dicere
959 3460 1191 3539 deberentque
1211 3455 1274 3518 boc
1291 3455 1363 3520 ioco

237 3561 350 3643 scripta
371 3563 530 3645 legentum
555 3580 651 3644 porro
673 3571 803 3646 propter
823 3563 1007 3628 vocabulum
1024 3558 1272 3648 ’προγράφωμεν
1293 3560 1364 3625 lieri

237 3678 300 3723 non
332 3671 451 3742 potest,
489 3673 522 3728 ut
551 3665 641 3732 baec·
660 3667 757 3730 verba
785 3667 933 3749 praeconi
958 3666 1151 3738 ‘aduentum
1168 3681 1171 3728 ῑ
1190 3663 1246 3726 sa'd
1271 3663 1363 3728 dncis

236 3763 336 3842 ipsius·
362 3769 525 3836 credantur
551 3789 624 3836 esse
653 3779 797 3852 oportet,
832 3769 942 3832 ducem
971 3773 1086 3829 autem.
1102 3761 1271 3842 creemus,
1309 3769 1361 3849 qui

236 3883 311 3927 sane
328 3868 451 3946 quidam
472 3880 599 3952 praeter
612 3874 713 3955 ipsum
729 3892 791 3934 unc
809 3877 927 3934 tantum
943 3868 1106 3934 emesam
1122 3867 1230 3944 milite,
1242 3878 1361 3950 aperte

236 3969 443 4036 Pistbetaerus
470 3975 610 4055 ogiam
631 3997 670 4041 ex
690 3977 743 4050 iis,
773 3991 853 4054 qaae
874 3972 1076 4053 praecedunt,
1107 3971 1224 4053 oppido
1248 3973 1360 4052 liquem

236 4073 355 4137 accedit
375 4074 531 4152 adhaec,
562 4081 646 4157 qnod
668 4079 772 4160 paullo
795 4083 882 4150 ante,
900 4076 1059 4151 Neci-35,
1088 4077 1156 4158 ipsa
1175 4078 1360 4142 Pistbetaeri

236 4183 266 4238 et
297 4176 453 4260 Euelpidis
483 4181 657 4244 novendia
689 4187 964 4254 commemoratur,
1001 4196 1082 4260 quae
1114 4201 1176 4261 qno
1206 4183 1278 4264 Jure
1309 4180 1359 4244 bis
