2910 4672
674 90 887 151 „45-

135 241 138 250 V
213 271 269 340 est,
292 272 357 326 tum
378 279 417 322 ex
439 259 487 336 iis,
510 280 593 342 quae
609 259 845 341 proferuntura
862 255 962 317 choro
982 258 1035 317 Vs.
1045 257 1110 318 660
1132 263 1165 318 et
1187 274 1205 317 a
1225 255 1355 318 Pisthe-

213 379 302 431 taero
317 368 371 428 Vs.
382 366 442 427 661
458 373 490 427 et
502 366 575 442 666,
599 371 686 426 certo
701 363 849 444 sequitur.
892 359 1051 422 cecinisse
1067 366 1172 422 autam
1187 357 1355 421 lusciniam

211 490 295 552 pone
318 487 445 530 scenam
472 474 649 530 versantem
676 471 803 547 praeter
833 482 903 526 eum
936 463 1060 540 locum,
1092 465 1132 526 de
1164 482 1227 543 quo
1256 481 1356 544 supra

211 573 353 646 vidimus,
370 571 423 632 ubi
445 569 601 651 expressis
624 569 728 632 verbis
746 568 899 640 enodatur
921 567 961 629 ad
975 567 1162 643 cauendum,
1185 563 1356 647 quominus

213 673 387 747 credamus,
408 673 472 753 jam
491 687 530 731 ea
551 670 701 750 prohibet
715 667 926 743 ratiocinatio,
948 679 1044 747 quum
1064 669 1162 729 modo
1177 665 1297 748 protuli
1312 665 1356 724 de

212 793 311 837 corvo
347 791 460 853 agens3
491 772 549 832 sed
580 789 664 834 nova
693 771 816 834 accedit
836 771 917 831 haee
939 769 1037 845 ratio,
1069 769 1155 850 quod
1178 766 1355 841 lusciniam,

211 881 264 942 ubi
287 893 402 941 revera·
420 877 498 937 illud
521 866 602 956 agit,
635 893 700 936 non
730 890 825 956 agere
847 873 906 935 nisi
925 874 1046 976 jussam
1068 869 1356 932 animadvertimus.

212 981 251 1049 At
274 979 357 1044 enim
379 977 510 1062 objiciat
533 977 660 1058 aliquis,
689 984 723 1039 ut
744 976 876 1040 luscinia
898 971 1024 1056 semper
1046 973 1241 1039 concinuerit
1262 973 1356 1035 chori

212 1083 332 1155 cantui,
366 1087 451 1142 certo
480 1079 568 1158 sequi
591 1097 631 1139 er
651 1097 706 1154 eo,
735 1079 821 1159 quod
841 1079 898 1140 illa
925 1073 979 1139 Vs
996 1077 1061 1142 678
1086 1079 1118 1138 et
1139 1076 1202 1140 679
1226 1074 1265 1136 ab
1288 1073 1355 1136 hoc

212 1183 389 1266 appelletur
410 1182 459 1245 his
480 1181 603 1245 verbis.
1167 1222 1170 1230 ,

139 1293 142 1302 “
243 1327 246 1334 ⁴
279 1319 283 1324 ·
339 1273 770 1398 rpdveuvssdvvoptsruiv
795 1284 886 1404 ἐμῷν
953 1315 955 1323 v

335 1380 464 1465 ὕμνων
479 1381 652 1467 ξύντροφε
715 1415 718 1422 ’

212 1485 364 1567 speciose
387 1483 531 1565 quidem,
555 1483 612 1545 sed
634 1483 761 1560 dubito,
795 1501 835 1547 an
857 1503 922 1546 non
944 1491 1038 1548 reete.
1080 1486 1142 1546 Aut
1164 1483 1249 1546 enim
1271 1499 1356 1543 con-

212 1587 385 1667 cedendum
418 1593 517 1659 esset,
558 1587 641 1646 hune
671 1593 801 1664 poetam
830 1586 932 1646 minus
964 1585 1164 1648 considerate
1193 1584 1259 1646 sive
1289 1583 1355 1644 hoc

213 1691 288 1751 loeo
310 1687 451 1748 locutum
485 1703 555 1747 esse
585 1687 652 1748 sive
674 1687 730 1747 illa
752 1686 814 1761 sic,
847 1694 882 1747 ut
912 1686 1062 1762 vidimus,
1096 1686 1278 1750 instituisse.
1301 1690 1357 1746 aut

212 1789 427 1846 clotsiundam,
450 1787 638 1829 vannum
660 1783 772 1852 ὕμνος
789 1783 929 1850 positum
950 1791 1020 1834 esse
1041 1774 1172 1854 proprio
1195 1791 1292 1835 sensu
1314 1774 1354 1836 de

212 1880 305 1936 cantu
328 1871 390 1932 deo
415 1869 509 1933 alicui
532 1871 647 1933 dicato.
691 1873 730 1933 Et
757 1871 837 1934 haec
859 1891 936 1935 vera
963 1873 1155 1939 difficultatis
1177 1875 1354 1956 expedien-

212 1981 273 2043 dae
285 1976 376 2038 ratio
398 1974 528 2037 videtur.
571 1977 686 2039 Partim
703 1976 786 2039 enim
806 1978 948 2040 adhunc
969 1979 1210 2060 explicationem
1230 1978 1352 2058 optime

213 2073 347 2159 quadrat
378 2076 465 2158 quod
496 2076 578 2138 inira
610 2081 664 2141 Vs.
685 2080 747 2140 737
766 2100 834 2160 sqq.
857 2080 975 2142 chorus
999 2080 1039 2142 ad
1069 2081 1246 2158 lusciniam¹
1269 2097 1352 2144 ooa-

213 2197 331 2253 versus,
353 2184 466 2253 tecum,
489 2178 599 2258 inquit,

339 2281 432 2347 Hori
458 2277 587 2364 νόμους
608 2273 718 2366 ispanio
740 2277 920 2366 α’ναφαίνω

338 2376 446 2468 caprei
467 2405 505 2446 as
525 2385 628 2468 μητρὶ
648 2379 827 2470 χορεύματ’
856 2379 958 2474 ὀρείᾳ,

210 2486 324 2566 partim
346 2484 396 2547 vel
418 2504 476 2565 per
497 2503 532 2545 se
555 2487 681 2568 egregie
703 2490 809 2564 habet,
833 2492 920 2570 quod
943 2492 1058 2553 chorus
1081 2511 1116 2554 se
1140 2492 1216 2554 dicit
1242 2499 1352 2554 cantus

141 2655 144 2662 ¹
209 2588 283 2649 illos
306 2585 522 2647 sanctissimos
551 2594 582 2648 et
613 2590 702 2668 quasi
731 2593 921 2673 praecipuos
945 2613 1008 2655 non
1039 2593 1134 2654 edere
1156 2594 1213 2654 nisi
1234 2595 1353 2656 comite

212 2703 331 2750 summa
370 2687 517 2748 oanuioe.
561 2689 768 2754 Nihilominus
807 2702 912 2757 tamen
948 2715 1011 2757 nun
1044 2715 1142 2777 nego,
1175 2694 1244 2756 lieri
1287 2713 1352 2756 non

211 2807 323 2870 posse,
347 2788 421 2868 quin
442 2787 540 2864 illud„
563 2793 649 2872 quod
672 2793 802 2858 luscinia
834 2798 991 2877 praeludit
1011 2797 1190 2878 anapaestis
1210 2805 1241 2859 et
1264 2797 1352 2878 qnod

210 2899 325 2972 postea
346 2890 424 2951 tibia
454 2891 537 2952 cauit
565 2893 647 2955 inter
676 2902 799 2958 cantum
831 2899 935 2975 chori,
966 2933 1007 2948 -·
1039 2900 1065 2959 si
1089 2896 1217 2958 omnino
1248 2899 1280 2958 in
1301 2900 1352 2962 his

210 2992 382 3072 acquievit,
405 3027 447 3041 -
469 2994 633 3074 scrupulos
655 2995 827 3078 relinquat,
851 3002 877 3061 si
900 3008 1003 3062 tamen
1026 2999 1188 3074 statuitur,
1211 2999 1353 3064 adfuisse

211 3095 347 3158 musicos
369 3094 522 3175 imprimis
546 3095 587 3156 ad
617 3097 750 3160 chorum
772 3089 975 3179 pertinentes
1018 3103 1102 3181 Ergo
1131 3099 1239 3179 accipe
1268 3101 1354 3186 hane

200 3215 315 3294 'meam
336 3197 562 3279 conjecturam.
610 3199 761 3276 Musteus,
796 3205 848 3283 qui
879 3206 979 3268 choro
1010 3202 1059 3267 vel
1083 3201 1214 3264 scenicis
1238 3205 1354 3267 conoi-

211 3304 337 3372 nerent,
359 3298 455 3378 vulgo
479 3319 544 3360 non
567 3300 665 3362 fuisse
688 3303 827 3383 optimae
849 3314 954 3380 notae,
977 3325 1034 3385 par
1057 3311 1103 3366 est
1126 3301 1271 3379 medeam
1293 3307 1355 3368 sed

210 3397 280 3458 fieri
313 3404 451 3476 poterat,
495 3408 530 3462 ut
562 3399 622 3464 ant
660 3404 816 3488 chorogns
850 3411 976 3489 paratus
1020 3412 1107 3467 esset¹
1136 3403 1179 3466 ad·
1211 3403 1354 3484 majores

210 3506 350 3578 sumplus
371 3499 536 3563 iaciendos
558 3510 611 3563 aut
630 3514 728 3584 poeta
752 3507 928 3570 celebriore
952 3506 1072 3570 artifice
1096 3526 1176 3587 opus
1192 3505 1353 3582 usnemu

210 3611 273 3664 tom
303 3599 513 3666 adhibebatur
533 3605 757 3673 celeberrimus
780 3613 911 3692 quisque
935 3613 1089 3686 musicus3
1104 3611 1238 3672 *isram
1260 3625 1353 3672 suam

210 3704 325 3782 agebat
347 3704 415 3765 sine
437 3707 528 3768 sudio
548 3716 584 3769 et
605 3712 704 3793 magis
719 3713 814 3774 solus
838 3714 988 3788 canebat,
1013 3729 1107 3791 quam
1128 3709 1180 3779 iifl·
1215 3708 1268 3787 qul
1292 3727 1352 3773 ⁰³-

211 3810 328 3876 ss⁰f0⁰l0
351 3806 523 3870 accinebat.
568 3811 664 3885 Quod
684 3817 711 3876 si
733 3817 765 3876 in
780 3814 963 3878 'comoediis
985 3813 1084 3886 ficiet,
1108 3809 1158 3874 vel
1179 3823 1237 3891 pa'r
1259 3825 1295 3872 se
1318 3811 1352 3875 in

210 3900 296 3962 nulla
316 3913 494 3983 portatam
517 3917 623 3990 aptum
647 3925 723 3992 erat,
746 3933 839 3996 quam
854 3917 887 3976 in
908 3913 1068 3993 parabasi,
1092 3931 1186 3992 quam
1201 3911 1352 3992 splendi-

210 4004 370 4065 dissimam
400 4008 543 4072 comicae
569 4011 697 4078 tabulae
718 4025 839 4099 partam
870 4034 941 4078 esse
969 4017 1051 4080 inter
1075 4032 1185 4076 omues
1208 4019 1351 4087 cauatam

209 4105 266 4171 sed
287 4108 389 4188 potuit
411 4108 504 4172 etiam
527 4113 604 4176 alibi
625 4117 728 4180 locum
750 4119 885 4194 habere,
907 4119 1085 4200 ubicunque
1108 4114 1243 4180 maxime
1265 4133 1351 4179 eous-
