2910 4672
664 119 875 181 ..50-

197 285 317 347 etiamsi
340 285 527 348 musicorum
552 304 651 365 usque
673 285 714 346 ad
733 284 820 349 illam
837 287 903 348 sive
922 287 1021 350 Batali
1043 286 1109 350 sive
1132 285 1348 366 suspendae

196 389 396 453 novationem
412 387 575 470 proprium
586 389 688 450 luerit.
710 389 761 450 Ad
769 390 851 451 bauo
863 389 955 469 igitur
975 389 1190 472 objectionem
1201 389 1242 453 ad
1255 395 1345 450 1010-

196 509 255 568 pus
270 488 351 553 haec
367 489 579 569 respondebo.
612 492 669 552 Vel
686 510 745 572 per
758 491 945 554 seeredibile
962 511 1026 554 non
1045 499 1100 567 est,
1123 491 1346 557 101000000οἰ-

194 589 253 650 bus
277 590 452 653 tibiolnibus
475 611 538 652 uno
563 593 738 675 eodemque
766 602 908 674 tempore
930 594 1104 658 viventibus
1128 615 1222 658 unum
1244 601 1346 674 atque

193 695 277 756 idem
313 695 513 758 calceamenti
543 714 652 775 genus.
705 697 873 760 Praeterea
910 712 1032 776 nequet
1051 696 1128 764 iliud
1156 697 1261 760 <simile
1293 703 1346 758 est

194 816 287 872 vero,
321 797 465 860 tibicines
497 795 583 858 nullo
617 797 679 858 alio
703 815 776 862 usos
800 816 870 866 esse
892 797 951 860 nisi
972 797 1102 874 antiis,
1133 815 1345 880 00000000-

193 900 291 980 nigro
327 901 541 981 appellant-ur,
575 906 629 962 aot
663 899 787 966 calceis¹
805 901 942 966 Milesiis.
993 902 1041 964 De
1066 909 1211 981 ,auoque
1241 919 1341 980 quum

90 1034 94 1040 ·
192 1000 371 1081 scriptores.
400 1007 539 1074 teneant,
569 1009 774 1064 monumenta
806 1003 967 1067 artiuma
997 1002 1162 1072 veteribus·
1181 1003 1341 1070 :cultarum

192 1102 266 1162 satis
299 1121 362 1164 nos
392 1103 535 1166 edocent
580 1105 658 1166 Tum
690 1104 717 1163 si
750 1103 818 1183 quis
840 1119 947 1168 secum
968 1103 1342 1184 reputavericscahella

192 1206 275 1285 apud
297 1209 473 1280 Romanos,
504 1213 535 1268 et
570 1207 619 1268 vel
648 1205 821 1269 serioribus
843 1206 1065 1286 temporibus,¹
1088 1206 1200 1282 usitata
1229 1204 1341 1281 luisse,

192 1308 218 1368 is
240 1308 351 1368 vinae
373 1328 412 1368 ne
426 1309 478 1368 vis
499 1306 626 1386 quidem
650 1306 710 1372 sihi
728 1307 856 1370 inducat
877 1309 909 1370 in
928 1310 1074 1394 ammom
1098 1317 1131 1372 ut
1146 1308 1341 1388 monnica,

194 1409 282 1486 quod
304 1410 489 1466 vocabulum
504 1409 560 1466 'vel
583 1408 666 1469 idem
688 1407 869 1485 significat,
890 1410 1078 1478 ,abolevisse
1092 1409 1180 1494 allud·
1199 1409 1341 1482 Gbaetlsst
1380 1423 1384 1430 '

168 1509 336 1582 'omnino,
365 1509 481 1576 nedum
505 1513 567 1568 tam
597 1512 733 1580 mature,
766 1505 882 1568 credat.
925 1507 993 1572 lam
1008 1505 1066 1576 bis
1087 1503 1239 1576 credibile
1261 1503 1346 1566 red-,

193 1611 291 1685 ditur,
320 1609 393 1672 lieri
421 1609 576 1690 potuisse,
594 1615 641 1678 ,ut
669 1608 775 1686 quiin
805 1625 867 1678 uua
889 1607 1063 1686 eademque
1092 1605 1201 1670 fabula
1228 1607 1341 1670 musici

194 1712 375 1792 prodirent,
418 1711 548 1773 diversis
583 1718 688 1772 tamen
727 1717 889 1780 uterentur
927 1711 1130 1776 calceamenti
1162 1711 1340 1791 generibus.

193 1814 309 1876 Perse
332 1813 530 1893 intelligitur,
552 1813 616 1874 hoc
637 1813 788 1894 imprimis
811 1813 915 1874 valere
947 1814 987 1876 de
1008 1813 1064 1888 iis,
1087 1813 1140 1893 qui
1169 1821 1241 1880 tam.
1254 1815 1340 1892 loco,

193 1935 255 1994 quo
289 1916 469 1996 prodirent,
503 1934 597 1995 quam
629 1915 809 1977 conditione
848 1924 954 1979 essent
991 1916 1115 1984 diversi.
1168 1918 1344 1986 Praeterea

194 2025 327 2078 nonest
357 2037 421 2079 non
454 2018 635 2098 probabile,
666 2017 780 2080 talibus
818 2019 947 2094 calceis,
977 2019 1085 2098 quoles
1114 2027 1192 2090 sunt,
1214 2019 1339 2096 Milesii,
1392 2021 1394 2026 '

95 2149 96 2152 ¹
196 2126 226 2179 et
249 2121 377 2181 omnino
400 2120 618 2202 splendidiore
638 2126 751 2182 ornatu
772 2121 883 2194 saltem
905 2121 1098 2201 temporibus
1119 2121 1339 2201 Aristophanis

196 2240 251 2281 eos
282 2227 403 2284 tantum
435 2241 509 2284 usos
545 2221 660 2295 luisse,
696 2221 749 2300 qui
782 2221 972 2286 celebriores
1001 2229 1109 2288 esseni
1140 2228 1235 2304 atqua
1268 2243 1337 2287 eam

193 2323 293 2401 ipsam
317 2324 358 2385 ob
381 2342 521 2386 caussam
534 2325 706 2386 inflatiores
728 2324 1031 2406 luxuriosioresqnm
1051 2325 1085 2394 in
1103 2325 1229 2394 theatro
1248 2326 1339 2391 verbi

196 2443 306 2488 caussa
328 2427 423 2502 tales,
456 2427 555 2508 qualis
576 2428 610 2488 in
632 2427 693 2489 hae
715 2428 824 2490 fabula
844 2428 964 2509 prodiit
990 2429 1135 2506 luscinia,
1167 2427 1337 2509 uisivquod

195 2529 276 2590 haec
304 2529 433 2589 tibicina
461 2535 532 2604 est,
557 2549 622 2592 non
644 2531 774 2606 tibicen,
807 2532 865 2593 sed
886 2551 951 2594 000
980 2531 1074 2606 tales,
1105 2531 1215 2612 quales
1248 2540 1339 2595 erant

196 2638 345 2712 quattuor
366 2629 413 2708 illl
432 2631 550 2694 musici.
595 2633 658 2695 Sed
677 2633 800 2696 videtur
822 2635 918 2698 etiam
930 2634 1104 2700 accuratius
1127 2635 1338 2706 demonstrari

193 2751 305 2810 posse,
337 2754 392 2795 cnr
421 2733 454 2794 hi
484 2736 678 2816 potissimum
700 2737 877 2818 κρουπέζια
902 2737 1105 2818 gestaverint,
1136 2737 1249 2826 reliqui
1264 2758 1350 2813 uon

192 2835 275 2895 item.
330 2836 455 2897 Etenim
476 2837 595 2900 Pollux,
610 2839 675 2914 Vll,
709 2839 749 2902 87
782 2837 937 2920 expressis
967 2839 1072 2904 verbis
1113 2840 1255 2905 tradidit:
1276 2838 1335 2906 ‚aci

193 2937 371 3017 κρουπέζια
400 2937 535 3014 ξύλινον
558 2933 741 3025 ὑπόδημα,
770 2943 1060 3024 πεποιημένον
1087 2946 1156 3015 cic.
1178 2940 1336 3010 dadber-

190 3059 270 3116 μον
289 3043 419 3125 χοροῦ.
462 3043 547 3122 Ergo
567 3040 631 3104 bae
645 3041 756 3104 soleae
772 3039 984 3108 inserviebant
1004 3043 1046 3114 ad
1062 3045 1334 3126 siguumoanendi

190 3139 338 3202 dandum.
387 3143 458 3204 Hoc
491 3162 569 3206 vero
602 3146 764 3228 negotium
793 3144 1009 3210 tantummodo
1042 3147 1337 3225 quattuorillorum

194 3243 383 3304 musicorum
405 3263 475 3306 esse
496 3247 608 3328 potuit,
632 3265 711 3325 quos
734 3246 881 3328 propnios
900 3246 990 3312 chori
1012 3247 1147 3309 musicos
1167 3266 1236 3316 esse
1252 3267 1336 3310 eon-

188 3341 339 3422 jeeimus;
367 3354 478 3407 conisa
508 3348 641 3410 luscinia
662 3351 732 3428 ipsa
762 3367 888 3428 sempor
912 3349 1127 3418 excitaturad
1149 3353 1336 3429 canendum,

191 3454 286 3527 atque
307 3449 382 3508 item
403 3450 503 3510 semel
521 3452 717 3531 corvus,'qui
734 3453 860 3530 quidem
876 3451 1004 3515 omnino
1020 3453 1053 3514 in
1075 3473 1205 3524 censum
1221 3456 1335 3520 ,vocari

191 3569 255 3612 non
276 3557 390 3632 potest.
432 3553 510 3626 lam,
534 3553 657 3642 opinor,
681 3553 776 3616 etiam
798 3555 837 3618 ob
854 3555 917 3619 bae
939 3563 1028 3636 parte
1045 3558 1153 3622 omnia
1171 3566 1242 3625 sunt
1258 3566 1334 3622 tuta.

193 3735 327 3801 Pergitur.
368 3737 591 3801 Demonstratur,
610 3740 871 3824 phoenicopterum,
895 3747 1006 3814 alterurn
1026 3761 1156 3815 upupam,
1175 3749 1333 3812 nusucuyiiv

376 3826 505 3877 tibicines
525 3829 622 3890 fuisse,
642 3831 745 3896 gallum
765 3834 947 3900 gallinaceum
967 3833 1145 3886 citharistam.
1251 3881 1254 3888 .

278 3942 381 4016 Quum
408 3948 473 4028 jam
507 3968 547 4012 00
579 3962 762 4032 perventum
793 3956 848 4032 sit,
880 3965 999 4029 utnon
1030 3959 1178 4028 adeatur,
1196 3937 1332 4033 dubitari

190 4064 300 4124 posse,
330 4046 403 4125 quin
425 4049 709 4134 phoenicopterus,
742 4060 841 4141 gallus
858 4060 1070 4142 gallinaceus,
1094 4064 1195 4136 altera
1216 4082 1332 4144 upupa,

190 4149 389 4233 uooopuycic
412 4151 707 4235 musicoscgerint,
731 4162 944 4240 quaerendum
968 4174 1016 4234 est
1036 4184 1151 4246 porro,
1176 4185 1333 4246 0000000-
