2924 4674
685 161 898 226 ,ῃ-

219 357 331 423 posse:
353 333 459 420 ἄκρον
480 325 601 416 depuis,
624 339 656 395 et
677 341 782 398 temen
798 331 947 415 seriptum
966 328 1062 394 tuisse
1082 321 1220 415 pretorio
1240 319 1372 414 dcciv,

222 446 274 527 ajo
290 450 385 522 atqua
398 433 557 500 contendo
574 434 717 500 codicum
738 433 923 498 aucuritate
941 432 1040 495 nixus.
1084 430 1209 514 Quippe
1230 439 1365 514 utraque

221 545 338 607 locutio
360 541 515 604 hocloco
538 537 673 602 cundem
694 553 825 622 prorsus
846 553 971 601 sensum
993 533 1103 597 tundit
1145 535 1267 598 Etenim
1291 537 1367 617 quia

221 650 261 710 de
283 625 379 710 sacris
403 649 435 706 et
456 641 496 705 de
519 639 694 723 aruspicina
714 659 819 704 sermo
842 645 890 702 est
911 645 943 702 et
964 637 1038 719 qnia
1054 639 1144 721 J'uxta
1164 655 1366 700 commemo-

221 757 330 814 rantur
352 763 450 810 coxae
472 751 505 806 et
525 742 671 807 lambiat
688 739 931 806 crura-haee
953 740 1036 802 enim
1054 736 1267 823 significantur
1283 757 1365 802 roce

222 851 380 927 κῶλα,-
401 845 567 929 probabile
590 835 653 922 est,
681 846 737 922 iis,¹
764 845 805 909 de
827 843 939 926 quibus
961 843 1134 925 loquimur,
1163 841 1269 905 verbis
1290 842 1366 926 spt-

221 972 302 1014 nem
331 970 464 1013 sucrum
486 958 518 1012 et
541 969 660 1015 cernes
688 948 877 1037 adjurarem
904 945 1007 1010 aimei
1032 967 1108 1010 cutm
1136 945 1246 1010 τοτεσλσ
1269 965 1364 1011 eom-

222 1054 401 1119 memcruri.
451 1053 553 1134 Atque
574 1054 636 1116 hue
658 1071 710 1116 rcs
733 1053 807 1134 quin
830 1051 870 1114 ab
891 1050 955 1114 hoe
977 1052 1104 1131 quidem
1127 1050 1279 1132 scriptore
1300 1047 1367 1112 hoc

220 1157 293 1221 loeo
315 1176 416 1241 aeque
439 1157 521 1220 bene
543 1152 657 1242 μακροὶ
680 1155 786 1242 ὀσφῦς
809 1155 962 1238 appellari
983 1153 1141 1236 potuerint
1162 1159 1256 1238 atque
1278 1145 1365 1236 όκρα

223 1252 350 1345 όσφός,
375 1263 441 1344 jam
462 1255 556 1320 neruo
579 1279 673 1339 unus,
702 1259 832 1340 opinor,
861 1257 1023 1321 dubitabit.
1041 1293 1086 1308 -

749 1569 831 1653 IX.

529 1715 1054 1770 &mmhwahm

286 1903 288 1908 ,
339 1856 392 1928 Ου’
417 1863 529 1930 τοῦτο
553 1859 665 1952 ταύτῃ
691 1857 793 1950 pcctpc'
822 1882 876 1930 tuor
899 1853 1096 1945 τελεσφόρος

338 1963 462 2046 rodaco
483 1965 667 2050 πέπρωται.

222 2088 334 2149 Sermo
359 2095 408 2150 est
429 2088 469 2149 de
492 2089 648 2174 solutione
669 2087 849 2150 Promethei
873 2095 904 2150 et
926 2086 966 2147 de
988 2084 1145 2168 potentia,
1178 2101 1258 2168 quae
1281 2085 1311 2146 ei
1332 2085 1364 2146 in
1453 2073 1454 2124 3

155 2179 159 2182 ’
221 2195 382 2268 posterum
404 2188 509 2250 futura
522 2189 579 2251 sit.
628 2189 716 2252 Haec
736 2187 850 2264 verba,
882 2204 963 2268 qnae
985 2187 1030 2249 sic
1051 2193 1226 2250 constructa
1247 2185 1365 2249 numiui

223 2289 389 2351 offensioni
410 2291 506 2352 fuisse
529 2291 588 2352 nisi
606 2289 816 2365 Schneidero,
839 2289 917 2352 mira
939 2305 1016 2351 sane
1038 2307 1089 2350 res
1112 2295 1174 2363 est,
1196 2288 1240 2350 ita
1260 2289 1363 2351 inter-

222 2399 360 2475 pretatus
384 2399 432 2454 est
454 2391 652 2455 Schuetzius:
683 2390 783 2455 «Νοεε
808 2411 891 2454 soree
916 2387 999 2454 duee
1023 2389 1072 2452 itu
1094 2389 1240 2452 Parrum
1258 2388 1363 2476 pergli-

222 2516 296 2559 eere
321 2493 536 2558 constitutum
562 2515 591 2557 c.
608 2494 687 2579 sato
711 2493 878 2557 decretum
903 2501 967 2569 est,
997 2500 1031 2555 ut
1057 2492 1264 2554 nominativus
1293 2511 1362 2556 cunr
1396 2553 1398 2556 ,

223 2595 374 2659 infinitivo
398 2603 431 2656 et
449 2595 550 2658 verbo
572 2597 697 2678 passivo
716 2603 908 2659 constructus
931 2592 1096 2658 accusativi
1119 2611 1189 2655 cunr
1209 2593 1362 2660 infinitivo

223 2698 323 2761 uicem
356 2699 519 2779 expleat3»
555 2697 753 2761 Bellmannus
785 2705 890 2760 autern
917 2699 963 2760 sic
992 2698 1075 2780 cepit
1099 2719 1130 2780 p.
1148 2697 1207 2760 31:
1243 2695 1364 2765 «οότιω
1452 2727 1453 2736 ¹

225 2802 335 2882 Μοῖρα
365 2803 537 2882 πέπρωται
568 2799 765 2887 τελεσφόρος
794 2822 837 2860 =
865 2798 1014 2862 noudum
1041 2798 1153 2862 Percu
1183 2798 1363 2863 constituta

223 2909 273 2964 est
293 2909 456 2994 tunquam
479 2899 524 2962 ud
533 2899 643 2986 finem
660 2901 864 2986 perducentes
891 2909 925 2966 ut
944 2901 1000 2963 inf.
1020 2903 1139 2990 κρότοι
1162 2899 1203 2964 ad
1225 2901 1363 2964 dilatau-

177 3069 183 3084 „
222 3005 295 3068 darn
317 3004 357 3066 sit
377 3001 441 3069 τοῦ
462 2997 658 3088 τελεσφόρος
676 3005 838 3066 notionem
852 3023 895 3063 =
907 3023 994 3097 queue
1013 3001 1062 3064 sie
1083 2999 1165 3064 duee
1183 3001 1361 3088 perficiet.»

222 3107 433 3170 Schneiderus
455 3113 579 3169 ‘contra
613 3115 687 3187 post
718 3105 913 3193 τελεσφόρος
950 3105 1074 3190 gravius
1106 3105 1298 3187 interpunxit
1333 3114 1366 3167 et

221 3212 362 3292 priorem
383 3210 553 3272 verborum
574 3216 697 3290 partem
719 3209 762 3273 ita
784 3209 966 3292 explicavit:
999 3207 1101 3269 enoch
1121 3207 1162 3268 ist
1183 3207 1288 3270 dieses
1311 3207 1369 3268 uui

222 3309 310 3372 diese
332 3313 442 3373 Weise
470 3312 526 3371 das
549 3311 709 3373 Schicksal
738 3312 825 3376 nicht
849 3309 1062 3383 vollziehend,
1094 3308 1159 3369 di.
1182 3308 1265 3371 noch
1288 3309 1366 3371 itast

223 3411 325 3474 rueine
339 3411 506 3493 Besreiung
523 3410 623 3472 durch
638 3411 799 3473 Versuehe
816 3429 879 3474 ron
894 3411 1014 3473 meiner
1032 3411 1116 3474 Seite
1134 3411 1190 3474 das
1204 3409 1364 3474 Schicksal

222 3513 308 3576 nieht
330 3512 509 3595 gelingen,»
543 3513 673 3575 alteram
693 3514 754 3575 ita:
788 3513 858 3575 «die
879 3514 1047 3598 Befreiung
1072 3535 1110 3576 zu
1137 3515 1299 3576 bewirken
1326 3516 1365 3578 ist

222 3637 296 3682 rom
318 3617 477 3681 Schiclrsel
505 3617 691 3680 bestimmtu
743 3617 808 3681 Sed
828 3619 928 3683 verba
952 3625 1100 3702 corrupta
1126 3635 1212 3693 esso,
1243 3616 1364 3680 nisiex

222 3721 296 3802 ipris
319 3720 394 3784 satis
417 3721 570 3795 eluceret,
599 3720 715 3783 veteris
737 3721 846 3784 scholii
869 3723 1044 3787 accuratior
1065 3719 1279 3783 consideratio
1298 3719 1363 3783 do-

223 3837 296 3886 cere
318 3831 442 3904 posset3
473 3824 559 3904 quod
581 3822 633 3904 qui
656 3825 846 3906 composuit,
876 3841 946 3885 eum
967 3823 1061 3904 plane
1083 3820 1168 3884 alind
1190 3821 1265 3904 quid
1285 3841 1363 3903 prae

223 3927 320 3990 oeulis
351 3923 517 3998 habuisse,
556 3925 625 3988 luce
663 3927 774 3988 clarius
808 3933 865 3988 est.
925 3925 1002 3987 Sunt
1032 3930 1136 3984 autern
1168 3925 1236 4008 ejus
1265 3924 1364 3987 rerba

222 4017 357 4091 haereat
388 4016 556 4091 οὔτοῦτο
579 4022 683 4100 οὕτως
705 4027 894 4111 πέπρωται,
921 4033 977 4093 ἵνα
1001 4019 1022 4110 ἦ
1045 4019 1242 4112 τελεσφόρος
1263 4040 1364 4108 μοῖρα

224 4131 345 4219 ταχέως
369 4121 407 4195 τό
435 4123 505 4195 κατ’
527 4131 587 4212 aa
609 4122 717 4216 κρόοφ
742 4129 798 4195 καλ
816 4124 990 4226 πληρώσῃ.
1038 4129 1192 4210 Apparet,
1219 4125 1364 4211 primum,

224 4229 425 4296 scholiastam
450 4249 515 4294 non
542 4230 657 4311 legisse
683 4232 867 4312 particulam
893 4255 963 4308 nu,
994 4229 1124 4302 deinde,
1155 4230 1268 4312 legisse
1293 4245 1365 4292 eurn
