2910 4654
627 753 902 820 ERRATA.

258 1000 324 1067 Pag.
341 997 369 1060 6,
388 998 440 1049 liu.
461 996 494 1048 16
515 997 596 1050 scrib.
619 997 733 1068 ἐπράθη.
753 1026 787 1039 -
813 1000 843 1048 Ρ.
860 996 888 1059 6,
915 997 936 1046 1.
954 995 969 1046 6
989 996 1023 1048 ab
1049 1000 1095 1050 im.
1116 1017 1180 1070 pag.
1200 1005 1262 1051 ante
1281 1017 1326 1050 va·

187 1085 245 1121 cem
264 1079 322 1122 arte
334 1069 492 1122 interciditz
514 1087 605 1140 quam.
626 1098 661 1110 -
679 1071 709 1119 P.
725 1067 753 1131 6,
770 1069 792 1119 l.
805 1068 820 1118 5
833 1067 867 1119 ab
882 1067 929 1118 im'.
947 1085 1010 1137 pag.
1027 1087 1078 1122 aar.
1092 1071 1169 1122 olavi.
1185 1099 1221 1112 -·
1238 1073 1268 1121 Ρ.
1282 1070 1327 1130 12,

185 1141 205 1190 l.
229 1140 241 1190 1
263 1157 315 1192 aea.
333 1140 435 1211 placet.
453 1169 487 1180 -
507 1141 538 1190 Ρ.
555 1139 600 1203 16,
618 1140 639 1189 1.
657 1139 691 1190 11
709 1138 743 1190 ab
761 1139 808 1190 im.
828 1156 891 1208 pag.
904 1155 956 1190 aer.
972 1151 1038 1198 τοῖς.
1054 1171 1085 1182 -
1105 1144 1136 1192 Ρ.
1150 1141 1198 1201 21,
1216 1140 1238 1192 l.
1258 1141 1273 1191 5
1291 1141 1325 1191 ab

185 1212 233 1262 im.
260 1228 323 1279 pag.
348 1218 412 1279 poat
428 1227 522 1262 vocem
540 1213 584 1262 via·
599 1211 715 1262 excidit.-
736 1209 855 1281 guidam.
878 1239 911 1250 -
936 1211 967 1259 Ρ.
986 1209 1116 1272 56,1.11
1138 1212 1173 1263 ab
1193 1213 1240 1262 im.
1261 1228 1325 1281 pag.

185 1287 249 1351 past
260 1281 341 1332 verba
354 1283 463 1354 signum
478 1280 594 1333 canendi
607 1282 763 1332 intercidit:
785 1280 923 1333 66616.-
944 1282 974 1333 P.
993 1280 1037 1344 53,
1056 1281 1123 1333 1.13
1142 1283 1176 1335 ab
1196 1283 1243 1333 im.
1261 1300 1324 1352 pag.

183 1369 236 1404 aer.
255 1352 389 1405 discimus.
412 1380 447 1395 -·
470 1354 501 1403 Ρ.
519 1351 563 1414 57,
583 1352 604 1402 l.
625 1350 640 1401 6
666 1351 700 1402 ab
721 1353 768 1404 im.
792 1369 856 1421 pag.
880 1367 933 1402 aer.
954 1349 1149 1419 κοκκοβόαν.
1169 1381 1204 1394 -—
1228 1355 1260 1404 P.
1279 1353 1325 1415 62,

182 1425 203 1474 1.
224 1423 240 1473 3
259 1423 294 1483 ab
312 1425 359 1475 im.
381 1441 444 1491 pag.
465 1439 518 1474 aer.
538 1423 718 1474 Florentinis.
739 1451 774 1461 -
795 1420 920 1481 Ρ.71,Ι.
940 1420 972 1471 16
992 1439 1046 1475 aer.
1056 1428 1157 1495 posuit.
1178 1454 1213 1464 —
1232 1425 1263 1474 Ρ.
1279 1423 1325 1486 71,

182 1495 204 1545 l.
218 1493 234 1544 3
247 1494 281 1545 ab
295 1495 343 1546 im.
359 1511 424 1562 pag.
441 1510 493 1546 scr.
508 1493 642 1544 malimus.
660 1521 693 1533 -
714 1494 744 1544 P.
759 1492 805 1554 77,
824 1493 845 1544 l.
864 1492 880 1542 3
901 1491 935 1543 ab
956 1493 1003 1544 im.
1023 1512 1085 1563 pag.
1104 1513 1170 1564 pro:
1203 1493 1326 1546 dextram

182 1581 233 1617 aar.
253 1567 400 1617 sinitram.
421 1591 454 1604 -
474 1567 505 1615 Ρ.
521 1563 567 1623 82,
585 1564 607 1614 i.
628 1563 662 1614 22
681 1580 734 1615 aar.
755 1562 983 1634 epipitiegmate.
1007 1594 1043 1606 -
1062 1567 1092 1616 P.
1109 1566 1155 1629 81,
1173 1565 1195 1615 l.
1218 1565 1250 1616 13
1270 1582 1323 1617 aer.

182 1653 263 1688 unam
287 1645 402 1706 partem.
431 1665 465 1674 —-
495 1637 525 1685 Ρ.
546 1634 592 1694 86,
618 1634 639 1685 l.
663 1633 747 1684 1611»
773 1635 820 1685 im.
846 1652 911 1703 pag.
930 1651 982 1686 aar.
1003 1637 1080 1695 οἴμοι.
1099 1663 1133 1674 -
1153 1639 1186 1686 P.
1201 1634 1247 1685 89.
1265 1634 1287 1687 l.
1309 1635 1322 1686 1

180 1724 232 1758 aer.
253 1707 285 1758 οἶ.
307 1736 339 1748 -
363 1708 394 1757 P.
409 1705 455 1765 96,
480 1705 501 1755 l.
529 1704 561 1756 18
586 1705 621 1756 ab
644 1705 691 1756 im.
712 1723 776 1773 pag.
795 1711 859 1754 aute
876 1704 1170 1767 pavatetintereidit
1188 1703 1266 1775 θύῃ.
1288 1735 1324 1746 -

180 1780 212 1829 Ρ.
233 1777 318 1839 36,1.
339 1776 372 1826 11
392 1777 426 1826 ab
445 1777 492 1825 im.
513 1794 576 1844 pag.
596 1792 645 1843 pro
664 1777 753 1826 verbis
771 1791 824 1826 act.
843 1773 974 1824 versibus.

625 2017 903 2027 ψ

249 2236 376 2288 Latiares
404 2235 534 2304 quandam
561 2233 718 2302 typothetae
745 2250 850 2285 errores
878 2234 907 2284 in
932 2233 1021 2286 verbis
1046 2231 1229 2284 exscribendis
1249 2250 1320 2284 com-

177 2325 273 2374 minos
292 2329 320 2374 et
337 2322 565 2391 interpunctionis
585 2321 664 2386 signa
689 2321 738 2368 ubi
761 2335 816 2368 non
842 2327 917 2370 recta
942 2323 1032 2389 posita
1053 2321 1125 2380 aiat,
1146 2319 1193 2370 ubi
1219 2325 1320 2370 temere

178 2411 294 2472 amissa,
324 2411 444 2460 indicare
464 2408 683 2478 supersedemus.
