2910 4672
603 149 878 235 ..7..¹

551 315 875 384 ΠΡΟΜΗΘΕΥΣ.
929 354 931 363 ·

259 411 331 514 Ode
357 413 441 486 ἄλλο
465 407 495 501 ν’
522 413 624 484 οὐδὲν
651 407 852 500 ulciscitur
878 415 974 500 asinos
999 417 1093 503 dorp.
1143 443 1165 458 ·’

184 571 187 580 ’
228 552 400 614 Particulae
412 575 450 637 γε
463 553 618 614 rationem
633 551 767 613 reddere
781 550 1084 634 studuitllartungns
1096 552 1127 612 in
1140 551 1282 616 doctrina

142 654 376 735 particularum,
405 655 440 714 Τ.
455 655 478 715 l.
506 675 536 735 p.
551 654 624 718 392.
678 654 740 716 Sed
763 654 834 718 vide
858 675 897 718 an
920 654 1117 718 scribendum
1139 655 1195 718 sit:
1223 649 1282 722 σσίι

144 753 278 824 ἄλλοτ’
306 755 406 825 ου’δὲν
435 764 492 818 etc.
511 791 552 802 —

635 1110 638 1118 r
673 1068 749 1152 lV.

579 1209 695 1261 Snnatnr
713 1210 765 1262 Vs.
782 1207 844 1262 255.
895 1191 899 1196 Ι
969 1172 970 1180 l

254 1331 448 1418 Ἐλσφράν,
477 1330 570 1407 ὅστις
597 1329 849 1421 πηιιάτων·ὲ’ξσ
872 1331 962 1402 mido

256 1443 340 1524 ἔχει,Ι
371 1450 549 1520 παραινεῖν
576 1447 753 1504 νουθετεῖν
780 1462 816 1502 τε
841 1429 924 1512 τούς
951 1436 1056 1508 κακῶς
1084 1519 1086 1524 Ι

255 1536 477 1632 πράσσοντας.
519 1535 578 1628 dyoi
606 1539 640 1606 dd
665 1535 768 1606 ταῦθ’
791 1535 916 1605 ἅπαντ’
938 1531 1148 1626 ἠπιστάμην.
1242 1545 1246 1554 ’

227 1679 378 1741 Postremi
402 1693 508 1742 versus
531 1679 701 1740 secundum
722 1679 838 1760 pedam
860 1698 956 1761 quum
976 1679 1009 1742 in
1031 1680 1146 1744 mendo
1166 1681 1280 1744 cubare

141 1786 227 1845 reete
255 1786 443 1854 statuerent,
482 1779 571 1841 vario
600 1780 696 1843 modo
725 1799 837 1842 sanare
869 1781 971 1844 conati
1001 1789 1074 1844 sunt
1100 1783 1158 1846 viri
1188 1784 1281 1846 docti.

140 1882 226 1942 luter
247 1900 327 1961 quos
342 1880 454 1942 eximia
476 1880 569 1942 laude
586 1881 712 1964 dignum
731 1882 839 1964 judico
855 1880 1001 1945 Carolum
1017 1884 1195 1966 Reisigium,
1218 1906 1282 1948 non

142 1984 228 2064 qnod
249 2001 358 2045 veram
384 1983 486 2063 ipsum
512 1983 575 2045 loci
602 1983 772 2045 admodum
793 1984 897 2046 vexati
925 1983 1175 2050 emendationem
1202 2007 1281 2068 rep-

140 2086 261 2166 perisse
284 2101 443 2157 censeam,
468 2083 525 2146 sed
548 2085 620 2165 quia
642 2084 725 2147 viam
747 2090 937 2149 monstrasse
958 2084 1034 2146 mihi
1056 2085 1193 2162 videtur,
1220 2107 1282 2170 qua

142 2188 209 2268 quis
232 2187 274 2248 ad
295 2205 403 2250 veram
430 2188 491 2250 loci
512 2187 698 2269 scripturam
726 2186 946 2256 inveniendam
973 2190 1140 2270 pervenire
1168 2191 1282 2271 possit;

109 2369 113 2378 Ι
142 2291 197 2352 clr.
220 2296 387 2370 apparatus
411 2289 506 2350 critici
528 2297 561 2351 et
582 2291 734 2372 exegetioi
755 2291 787 2352 in
809 2289 955 2373 Aeschyli
977 2291 1172 2372 tragoedias,
1195 2293 1282 2354 Halis

141 2395 299 2456 Saxonum
327 2389 463 2454 a.1832
494 2389 586 2465 editi,
616 2391 686 2454 Vol.
703 2392 727 2452 1.
757 2412 788 2472 p.
806 2410 877 2452 run.
941 2392 1019 2452 Eam
1048 2399 1151 2454 autem
1181 2393 1281 2474 ipsam

140 2497 222 2556 viam
245 2513 305 2577 ego
329 2494 448 2576 etipse
469 2494 534 2576 jam
556 2501 724 2576 antequam
752 2494 828 2556 mihi
854 2500 929 2556 nota
952 2500 1036 2556 esset
1055 2492 1183 2576 Reisigii
1204 2515 1283 2558 sen-

142 2598 238 2660 tentia
258 2596 495 2680 ingrediendam
518 2614 587 2659 esse
609 2596 765 2672 videram,
795 2596 829 2660 ia
851 2596 946 2676 quod·
960 2595 1035 2659 ideo
1058 2589 1282 2674 commemoro,

141 2699 227 2781 quod
247 2700 311 2761 hoc
331 2706 440 2761 nostro
458 2715 612 2761 consensu
633 2698 680 2760 rei
701 2699 760 2778 ipsi
783 2717 896 2780 magna
913 2698 1185 2761 verisimilitudinis
1203 2719 1282 2780 spc-

141 2802 204 2864 cies
227 2802 416 2865 conciliatur.
461 2801 564 2864 Sensit
583 2809 688 2864 autern
698 2801 872 2882 Remigius,
895 2807 927 2862 et
948 2799 989 2861 de
1012 2799 1199 2882 glossemate
1222 2822 1281 2865 oo-

141 2903 299 2985 gitandum
321 2921 392 2967 esse
415 2911 446 2965 et
467 2907 624 2984 personae
646 2898 905 2984 significationem
927 2902 1111 2982 exspectari.
1154 2903 1284 2986 Scripsit

139 3005 249 3086 igitur:
1347 2997 1349 3002 ¹

252 3103 481 3188 πράσσοντας·
511 3099 640 3180 adesir
665 3100 768 3173 ταῦθ’
790 3099 926 3173 ἅπανθ’
947 3100 1164 3188 ἠπιστάμην,

140 3225 205 3268 non
235 3206 351 3284 requiri
381 3206 413 3267 in
443 3207 624 3288 hujusmodi
654 3208 785 3270 transitu
814 3206 851 3272 dl
879 3205 1051 3286 particulae
1069 3205 1282 3285 ligamentum

139 3307 327 3372 existimans.
369 3307 447 3369 Mihi
469 3313 579 3370 contra
599 3308 771 3390 legendum
792 3306 953 3370 videturr·

251 3402 479 3490 πράσσοντας·
511 3403 581 3474 aaa
606 3407 643 3474 dl
667 3405 753 3474 caci·
774 3400 821 3494 ἡ.,
1183 3462 1187 3468 .

138 3528 219 3591 quae
251 3516 283 3570 et
312 3507 434 3570 facilior
464 3517 513 3572 eet
541 3508 723 3574 emendatio
750 3529 853 3592 neque
887 3510 1033 3592 profecto
1062 3499 1167 3571 ‘minus'
1199 3514 1281 3587 apta.

136 3612 246 3673 Elucet
268 3615 373 3670 autem
395 3628 489 3689 quam
510 3610 602 3672 facile
623 3612 811 3674 vocabulum
833 3608 888 3678 tas
910 3612 955 3674 sic
976 3620 1159 3692 usurpatum
1178 3609 1281 3670 iuter-

136 3711 304 3795 pretationi
325 3729 435 3774 ansam
457 3709 534 3772 dare
556 3708 704 3792 potuerit.
746 3711 860 3774 Rarior
876 3713 959 3774 enim
977 3721 1025 3774 est
1040 3714 1092 3774 hic
1110 3713 1178 3795 eius
1196 3731 1280 3776 usus.

136 3817 177 3878 Et
196 3813 267 3878 fieri
289 3821 409 3893 potest,
439 3813 465 3876 is
489 3820 536 3889 ut,
564 3811 832 3894 quemadmodum
853 3813 916 3876 hoc
937 3814 1009 3876 loco
1037 3814 1146 3877 turbas
1168 3817 1280 3892 edocit,

135 3919 179 3981 ita
200 3917 282 3980 inira
304 3917 336 3978 in
359 3933 469 3978 caussa
491 3915 600 3992 fuerit,
630 3922 664 3978 ut
684 3917 737 3978 Vs.
755 3917 835 3979 747:

247 4007 302 4082 'H
318 4014 384 4102 γάρ
405 4042 439 4084 τι
460 4012 583 4084 λοιπὸν
604 4017 683 4103 opida
705 4013 873 4100 πημάτων
895 4021 999 4100 doctr,-

136 4118 258 4194 Chora,
289 4137 352 4180 non
379 4120 465 4195 toni,
496 4116 739 4183 adscriberetur.
790 4120 882 4184 Certa
906 4129 1012 4184 tamen
1033 4118 1177 4182 vocabuli
1199 4119 1279 4179 sub-

135 4221 267 4285 stantive
296 4221 341 4283 sic
372 4221 445 4282 dicti
474 4222 618 4303 exempla
647 4221 731 4303 apud
760 4223 965 4309 Aeschylum,
1001 4221 1086 4302 quod
1113 4237 1174 4298 ego
1205 4217 1278 4295 qui-
