2910 4672
541 186 755 248 *25η

481 372 483 376 ’
515 353 777 424 ΒΑΣΙΛΕΥΣ.

188 457 259 522 Καὶ
280 451 354 542 μὴν
375 453 548 542 Κάνωβον
571 455 655 524 acini
678 457 825 542 Μέμφιν
850 463 960 534 ἵππος

550 575 730 642 ΧΟΡΟΣ.

188 679 256 746 Kal
285 677 375 754 Ζεύς
400 676 430 766 φ’
457 675 615 766 ἐφάπτωρ
639 679 719 768 χειρὶ
747 676 859 763 φιτύει
884 677 999 765 γόνον.

515 805 777 876 ΒΑΣΙΛΕΥΣ.

194 905 237 986 Τι’
259 899 343 993 οφίις
373 907 392 975 ὅ
413 914 491 984 Δῖος
514 905 633 992 πόρτις
649 899 787 996 ἐὔχεται
807 899 909 993 βῶσι

552 1034 732 1104 ΧΟΡΟΣ.

180 1129 344 1218 Ἔπαφος
369 1129 506 1222 ἀληθῶς
529 1130 651 1224 ῥυσίων
677 1131 866 1220 indoctior.

72 1265 237 1327 Postremo
259 1284 367 1340 versu,
396 1267 449 1346 qui
472 1274 519 1328 est
535 1266 614 1340 310,
637 1281 762 1340 omnes,
785 1265 871 1346 qaod
890 1284 951 1347 ego
972 1265 1084 1340 sciam,
1106 1283 1216 1331 vocem

72 1361 170 1450 ῥύσια
193 1367 410 1430 intellexerunt
432 1365 472 1430 «le
492 1389 543 1442 eo,
566 1365 656 1460 quod
670 1365 828 1450 duppiter
849 1364 967 1432 Ionem
987 1383 1111 1430 manus
1132 1387 1216 1428 cora-¹

73 1467 269 1530 uectatione
292 1488 313 1527 c
330 1467 457 1552 fierore
485 1465 694 1530 liberaverat.
744 1467 838 1541 Quod
866 1465 893 1528 si
920 1465 973 1544 fit,
1000 1469 1073 1550 jure
1101 1475 1216 1549 poetae

71 1570 168 1629 nimia
194 1569 331 1631 brevitas
361 1577 392 1630 et
421 1570 609 1652 negligentia
638 1568 706 1630 dari
735 1569 854 1630 crimini
883 1577 996 1650 potest.
1057 1568 1122 1631 Sed
1151 1587 1214 1628 non

72 1671 199 1747 dubito,
228 1670 302 1751 quin
327 1671 380 1732 illa
406 1689 469 1733 vox
496 1670 586 1732 aliter
613 1668 797 1750 explicanda
820 1669 868 1731 sit.
912 1671 960 1732 Dc
982 1670 1091 1732 lurore
1113 1669 1215 1742 iniis,
1325 1683 1329 1691 ’
1448 1669 1449 1738 l

72 1790 156 1851 qnae
177 1772 384 1853 praecedunt,
408 1771 560 1852 expressis
584 1771 709 1851 quidem
731 1770 852 1846 verbis,
874 1790 980 1833 sermo
1001 1769 1127 1830 omnino
1149 1789 1214 1830 non

71 1873 186 1934 fuerat.
230 1871 346 1933 Contra
363 1875 429 1954 jam
451 1873 504 1932 Vs.
520 1872 583 1933 296
601 1879 632 1932 et
650 1873 712 1933 297
735 1880 895 1934 narratum
918 1879 1000 1948 erat,
1022 1874 1133 1933 lovem
1155 1873 1213 1934 sub

70 1975 177 2035 forma
201 1975 280 2036 tauri
302 1993 370 2035 rem
392 1972 541 2034 babuisse
565 1991 635 2060 cum
655 1972 733 2033 lone
760 1975 792 2035 in
818 1991 946 2036 vaccam
973 1979 1102 2036 mutata.
1144 1974 1215 2034 Non

71 2084 122 2137 est
143 2073 287 2148 dubium,
320 2073 394 2153 quin
414 2073 466 2134 hic
488 2071 588 2134 coitus
611 2091 676 2135 non
702 2072 806 2136 irritas
829 2073 937 2153 luerit3
969 2082 1157 2156 conceperat
1177 2075 1213 2135 lo

70 2177 270 2241 hauddubie
287 2184 319 2239 et
335 2179 393 2258 per
410 2177 538 2260 longum
555 2184 675 2258 tempus
691 2176 840 2238 infantem
858 2185 947 2241 utero
966 2177 1089 2255 tulerat,
1112 2177 1214 2240 donec

70 2280 200 2344 tandem
226 2287 300 2360 pest
327 2279 493 2346 adventum
521 2279 553 2339 in
579 2280 753 2361 Aegyptum
776 2280 864 2344 lovis
887 2281 942 2354 illa
968 2280 1213 2344 contrectatione
1335 2273 1340 2286 ’

71 2383 167 2446 enixa
194 2389 249 2445 est·
298 2382 345 2442 Ex
371 2382 433 2442 hac
459 2381 716 2461 interpretatione
741 2377 829 2454 Zetis
847 2377 1016 2464 ἐφάπτωρ
1041 2382 1122 2466 χειρὶ
1136 2400 1231 2448 non

71 2486 200 2547 demum
221 2484 381 2567 gravidam
402 2484 652 2560 redditionem,
675 2483 734 2548 sed
754 2490 881 2566 partum
900 2483 1007 2557 solvit,
1031 2489 1062 2544 et
1082 2481 1213 2547 verbum

72 2583 184 2670 φιτύει
209 2605 303 2650 sensu
328 2586 433 2649 latiori
454 2585 570 2649 dictum
593 2594 650 2650 ost.
701 2585 823 2648 Eodem
843 2586 1030 2662 madorem
1056 2591 1087 2648 et
1107 2583 1212 2648 intor-

70 2691 169 2754 mam't
182 2689 244 2754 sibi
262 2696 294 2750 et
308 2707 385 2750 vero
401 2690 555 2770 expressit
569 2689 713 2765 Ovidius·
736 2692 802 2770 qui,
824 2695 990 2771 postquam
1005 2688 1213 2770 Metamorph

70 2793 99 2856 l
108 2793 136 2867 1,
159 2792 212 2854 Vs.
227 2791 291 2854 600
313 2791 359 2853 de
386 2791 553 2855 concubitu
574 2791 671 2855 multo
697 2793 783 2874 prius
805 2791 909 2856 locum
929 2791 1067 2862 habente
1088 2789 1212 2874 signifi-

71 2893 155 2956 cavit
176 2901 208 2956 ct
229 2892 269 2954 ad
294 2901 486 2973 postremum
506 2894 547 2960 de
569 2893 685 2958 lonis
675 2913 708 2956 nr
721 2896 903 3022 Aegyptum
930 2893 1066 2957 adventu
1091 2894 1212 2972 locutus

71 3004 135 3070 est
162 2996 208 3058 sic
228 2998 330 3077 pergit
350 2997 403 3056 Vs.
420 2997 483 3060 749
503 3015 566 3075 sq:
635 3037 638 3046 ,

184 3097 265 3158 Hinc
285 3097 435 3177 Epaphus
456 3097 562 3178 magni
583 3095 704 3177 genitus
725 3094 766 3160 de
788 3057 907 3159 semine
929 3093 1063 3163 tunm

45 3209 56 3229 ‘
188 3198 323 3260 creditur
345 3215 414 3260 esse
435 3198 531 3260 lovis

70 3300 182 3377 Neque
210 3297 300 3359 aliter
321 3299 493 3382 Aeschylus
520 3299 643 3360 videtur
671 3304 736 3359 tum
760 3295 920 3370 statuisse,
956 3315 1050 3377 φιιιιιιι
1077 3273 1212 3360 Prome-

69 3400 179 3460 theum
196 3399 338 3461 Vinctum
356 3387 544 3481 composuit,
566 3401 653 3482 cujus
676 3399 802 3462 fabulae
824 3398 909 3472 loeo,
932 3396 983 3477 qui
1005 3397 1117 3481 legitur
1138 3398 1211 3460 inde

70 3520 91 3563 a
113 3503 166 3562 Vs.
178 3500 257 3574 666,
279 3499 366 3580 quod
388 3501 503 3582 apertis
525 3500 652 3582 quidem
674 3503 778 3566 verbis
799 3501 884 3564 nulla
898 3501 1022 3562 mentio
1044 3499 1080 3563 fit
1102 3502 1210 3573 coitus,

71 3603 125 3684 qni
148 3621 187 3662 eo
209 3612 352 3684 tempore
374 3604 491 3678 luerat,
521 3607 563 3666 de
586 3627 650 3685 qno
675 3607 719 3668 ibi
747 3625 852 3669 sermo
876 3612 939 3679 est,
969 3603 1061 3665 facile
1084 3602 1210 3665 condo·-

71 3709 163 3765 natur
184 3705 252 3768 loni
275 3706 316 3768 de
337 3713 436 3768 semet
456 3706 526 3787 ipsa
546 3706 695 3785 loquenti.
739 3707 828 3780 Quae
846 3707 872 3767 si
889 3724 965 3768 vera
985 3712 1033 3767 cst
1049 3705 1211 3779 sententia,

72 3813 218 3885 apparet,
239 3806 425 3870 vocabulum
448 3801 548 3892 ῥύσια
569 3805 673 3887 potius
696 3805 736 3867 de
755 3825 793 3867 eo
813 3824 883 3867 esse
901 3803 1099 3887 capiendum,
1122 3804 1212 3898 quod

72 3905 229 3990 «luppiter
252 3928 374 3970 manus
393 3906 652 3970 contrectatione
663 3903 780 3968 Ionem
796 3927 898 3969 onere
914 3903 1129 3982 liberaverat,
1152 3909 1211 3968 nisi

72 4009 154 4070 torte
184 4010 252 4089 quis
281 4010 397 4071 mavult
424 4009 464 4070 de
491 4009 615 4091 Epaphi
643 4008 828 4070 liberatione
859 4027 898 4069 ex
920 4008 1064 4083 vinculis,
1099 4009 1210 4089 quibus

74 4110 161 4188 qnasi
188 4109 352 4172 tenebatur
378 4111 409 4172 in
437 4117 526 4172 utero
550 4112 682 4196 degens,
712 4101 896 4193 intelligere
944 4111 1031 4172 llaec
1051 4108 1210 4170 hactenus.

72 4210 138 4270 lam
166 4217 200 4271 ut
226 4210 267 4271 ad
288 4210 391 4274 locum
412 4213 591 4276 Promethei
618 4215 799 4290 redeamus,
829 4211 865 4276 fit
886 4211 978 4287 illud,
1007 4209 1092 4291 qnod
1115 4221 1207 4283 supr⁹
