2910 4672
591 131 803 193 ..49-

125 293 307 357 Odolredus
329 296 496 358 Muellerus
518 297 605 374 libri,
638 317 700 379 quo
725 301 765 361 de
786 301 923 362 Etruscis
948 303 1109 380 exposuit,
1132 301 1202 362 Vol.
1224 302 1262 362 ll.

122 414 154 475 p.
179 393 242 458 202
264 398 347 460 haee
365 399 547 479 perscripsit
567 401 608 462 ad
631 403 734 464 locum
756 403 871 464 Snidae
893 403 1097 482 pertinentia:
1132 403 1262 483 «genias

121 501 230 563 suune
259 502 344 564 nieht
373 509 437 563 erst
457 499 659 585 Antigenidas
693 507 725 568 in
757 507 987 569 Griechenland
1009 509 1064 568 das
1088 507 1262 584 80110030-

121 603 215 664 wand
245 601 311 683 (des
339 604 517 685 Lydisehen
544 607 685 670 Bacchus
713 607 863 691 Attribut)
895 611 960 669 und
992 610 1043 669 die
1064 606 1262 669 ltlilesisehen

122 706 249 769 Sehuhe
272 707 325 768 bei
342 702 409 769 'den
430 709 678 790 Fltitenspielern
701 713 782 772 ein».
825 713 865 772 Et
893 711 1055 773 latendum
1077 719 1138 782 est,
1168 707 1261 767 etiarn

120 809 169 883 id,
200 811 287 889 quod
317 811 430 872 eadem
456 827 514 873 ‘res
551 813 636 892 apud
666 814 794 875 Suidanr
825 814 963 875 refertur
993 812 1033 872 de
1064 808 1260 890 Anugenide,

120 913 206 991 apud
239 913 419 986 Libanium,
461 916 547 996 cujus
581 916 685 977 locum
721 915 877 997 ignoravit
912 913 1098 988 Muellerus,
1147 909 1260 971 tribui-

120 1024 172 1086 tur
200 1016 319 1088 Batalo,
340 1049 384 1062 ..
399 1031 402 1038 ’
416 1016 546 1078 eosdem
576 1017 658 1077 eninr
685 1037 754 1080 esse
777 1020 899 1080 calceos
922 1007 1062 1078 Milesios
1092 1011 1262 1074 01001110-

119 1115 195 1179 bres
217 1123 336 1178 tantum
358 1135 422 1178 non
444 1127 561 1180 certum
591 1119 776 1181 01110100-
806 1120 906 1182 videri
932 1138 991 1200 pro
1019 1115 1172 1180 sententia
1202 1113 1260 1174 viri

119 1216 233 1278 summi
264 1235 420 1300 pugnare,
452 1217 512 1280 nisi
544 1221 612 1300 quis
647 1221 793 1283 maluerit
830 1227 985 1295 statuere,
1019 1217 1162 1279 Batulum
1195 1233 1260 1274 vo-

117 1327 222 1380 caturn
245 1337 315 1384 esse
337 1321 431 1381 etiam
453 1322 680 1402 Antigenidam.
725 1320 817 1396 Quid,
840 1324 867 1382 si
884 1341 943 1382 nos
965 1323 1008 1383 ita
1031 1339 1100 1382 esse
1124 1326 1259 1380 conten«

117 1422 257 1483 der-imus
281 1431 312 1485 et
332 1423 465 1503 prolude
498 1420 529 1483 in
559 1423 734 1498 depravato
769 1423 890 1484 scholio
924 1424 965 1481 ad
994 1421 1156 1480 Aeschinis
1180 1427 1259 1477 orat.

116 1538 144 1579 c.
169 1507 367 1581 Timarchum
396 1518 428 1600 δ.
446 1519 508 1581 1211
529 1519 646 1582 hoece:
675 1520 765 1587 densi
789 1520 825 1587 δέ
845 1547 905 1605 μοι
928 1523 1087 1610 λελέχθαι
1109 1513 1260 1600 βάταλος

116 1619 213 1704 stupu*
234 1617 272 1686 τό
295 1614 489 1696 Εὐπόλιδος
513 1625 665 1707 σκῶμμα·
699 1629 820 1696 ἐκεῖνος
840 1616 904 1706 γᾶρ
925 1618 1082 1690 00110050
1106 1623 1258 1687 Beatus

112 1714 270 1801 circipene
304 1733 374 1796 rote
396 1727 559 1811 αἰσχροῖς,
590 1725 643 1789 uei
669 1721 833 1808 reppdspu
861 1719 1016 1806 (idacios
1052 1718 1112 1791 ὑπ’·
1145 1716 1257 1787 adroic.

114 1824 305 1897 nauteam,
324 1839 384 1902 pro
403 1825 502 1885 verbo
524 1817 704 1907 rrypunpn,
737 1825 823 1903 quod
845 1825 877 1884 in
898 1827 974 1887 vitio
995 1845 1065 1886 esse
1085 1828 1151 1907 jam
1173 1823 1256 1884 blei-

114 1925 227 1988 ueltiu's
249 1925 268 1984 l.
292 1945 318 1986 c.
347 1921 377 2006 p.
395 1925 459 1987 ³35
484 1926 633 1987 odoratus
665 1934 727 1997 est,
756 1926 991 1987 rescribendum
1014 1926 1259 2007 conjecerinrus:

113 2025 434 2113 ’Alverysrr‘dpal
477 2027 578 2101 Quam
591 2027 694 2088 Ι100110
713 2028 847 2088 initiales
867 2027 978 2089 literae
1000 2029 1092 2110 hujus
1124 2027 1257 2088 nominis

114 2129 247 2211 propter
276 2130 490 2192 antecedentis
519 2128 665 2192 vocabuli
681 2130 802 2194 ¹literas
829 2130 940 2191 finales
971 2131 1116 2192 enuidens
1138 2140 1277 2210 potue--

114 2235 194 2308 rint,
222 2233 253 2293 in
275 2233 443 2312 propatulo
466 2234 636 2294 est'situm.
701 2234 869 2295 Praeterea
891 2233 1020 2308 similia,
1055 2241 1149 2312 atque
1172 2233 1257 2312 apud

114 2335 279 2396 Libauium
319 2335 359 2395 de
392 2326 500 2399 batale
537 2331 777 2415 praedicantur,
813 2335 853 2396 de
892 2336 1077 2416 Antigenida
1107 2336 1207 2395 relata
1238 2355 1256 2396 0

115 2439 338 2520 Theophrasto
376 2447 408 2499 et
434 2438 534 2501 Plinio
551 2439 670 2500 ¹citavit
701 2437 766 2520 jam
806 2438 974 2500 Salmasius
1015 2436 1090 2497 Ptin.
1122 2437 1256 2498 Exercit.

113 2561 145 2622 p.
162 2540 203 2602 85
226 2544 250 2603 A
275 2549 306 2602 et
327 2543 367 2615 B,
400 2557 481 2620 quae
506 2549 538 2603 ut
560 2537 602 2603 de‘
623 2541 749 2622 juniore
770 2540 959 2621 Antigenida
978 2539 1085 2602 valere
1103 2539 1175 2620 jure
1198 2559 1256 2600 suo

113 2644 271 2705 censuerit
292 2643 483 2724 bleinelrius,
497 2646 619 2726 Fragm.
643 2642 729 2704 Cum.
752 2644 804 2706 Gr.
826 2644 896 2705 Vol.
916 2643 967 2705 lll.
990 2664 1019 2723 p.
1043 2644 1119 2716 188,
1142 2640 1255 2703 relerri

113 2751 219 2806 tamen
242 2760 342 2825 aeque
371 2747 453 2807 bene
476 2747 516 2808 ad
540 2745 762 2827 Satyrl=filium
783 2767 897 2827 posse,
923 2747 988 2828 jam
1019 2766 1057 2806 ex
1086 2746 1139 2819 iis,
1173 2763 1254 2824 quae

113 2848 198 2926 apud
220 2846 347 2908 Suidam
378 2850 493 2929 scriptu
528 2850 674 2930 leguntur
707 2849 747 2910 de
780 2851 906 2924 vestitu,
940 2841 1007 2930 quo¹
1037 2849 1088 2911 hic
1111 2851 1150 2909 sit
1173 2868 1254 2923 usus,

112 2947 264 3009 credibile
286 2948 330 3010 tit
373 2950 452 3010 lllud
474 2951 500 3011 si
522 2969 597 3012 vere
620 2952 825 3032 conjecimus,
856 2960 968 3030 sponte
991 2961 1137 3032 apparet,
1160 2972 1254 3032 quam

111 3041 206 3110 facile
227 3048 298 3110 fieri
329 3053 484 3130 potuerit,
515 3057 549 3113 ut
578 3051 619 3112 de
644 3053 789 3133 ,Ephesio
813 3053 953 3127 tibicine,
990 3054 1039 3114 orii
1067 3051 1259 3114 1101οΙ01011-

111 3151 182 3212 sive
210 3163 326 3210 nomen
349 3153 416 3212 sire
440 3169 625 3232 cognomen,
662 3153 773 3214 eadem
804 3153 902 3213 relata
922 3154 1064 3235 legamus
1087 3161 1179 3230 atque
1210 3151 1252 3213 de

110 3251 310 3332 Antigenida.
360 3252 449 3313 lllnrn
473 3259 577 3314 autem
600 3253 663 3316 hoe
690 3251 847 3334 juniorem
879 3252 988 3325 fuisse,
1012 3261 1253 3316 oorrseutaneum

111 3363 160 3418 est
182 3372 253 3416 eum
276 3363 429 3430 statuere,
460 3355 513 3437 qui
544 3356 748 3437 adstipuletur
774 3355 828 3430 iisr,
858 3374 940 3436 quae
961 3375 980 3416 a
1002 3355 1157 3417 lleinelrio
1181 3362 1252 3418 eta

110 3461 366 3539 nobismetipsis
390 3460 545 3541 disputata
568 3465 647 3534 sunt,
672 3467 703 3520 et
725 3460 837 3533 exiis,
861 3479 942 3541 quae
953 3459 1115 3522 traduntur
1138 3480 1156 3520 a
1175 3460 1252 3523 Plu-

109 3565 221 3626 tareho
245 3563 296 3623 rit.
324 3564 992 3644 1101000111.0001,Εο1100101011111010010
1016 3564 1056 3623 ab
1076 3562 1252 3640 Antiphane
1304 3586 1306 3590 ¹

110 3665 299 3746 exagitatum
329 3681 399 3726 esse
429 3662 595 3743 probabile
626 3663 727 3725 ducat.
781 3666 844 3725 Sed
876 3664 956 3724 haec
997 3661 1101 3722 omnia
1130 3659 1253 3725 infirma

111 3787 182 3829 esse
205 3777 298 3848 atque
329 3767 424 3828 dubia
459 3765 620 3828 latendum
655 3773 711 3827 est
755 3766 852 3841 Quae·
867 3787 961 3848 quum
989 3758 1032 3826 ita
1054 3766 1127 3842 sint,
1160 3767 1251 3830 facile

110 3869 223 3948 aliquis
246 3869 423 3949 scrupulum
445 3868 562 3951 injiciat
584 3868 628 3931 sic
651 3868 856 3930 ratiocinans:
887 3869 1034 3950 quoniam
1057 3875 1176 3932 certum
1198 3873 1249 3933 vi-

110 3973 240 4044 deatur,
273 3986 375 4049 neque
397 3971 557 4034 lusciniam
589 3991 691 4054 neque
722 3990 850 4034 corvum
875 3972 1014 4036 tibicines
1036 3981 1175 4058 gestasse
1198 3975 1249 4035 illa

112 4072 305 4156 κρουπέζια,
330 4076 428 4156 magis
452 4077 546 4137 etiarn
569 4095 645 4138 vero
668 4076 737 4138 lieri
764 4075 880 4150 simile,
908 4076 1064 4151 tibicines,
1097 4083 1249 4158 quotquot

111 4176 257 4237 affuerint
279 4175 310 4236 in
334 4177 449 4238 Avibus
484 4181 622 4260 agenda,
655 4179 717 4241 hoc
751 4178 963 4240 calceamento
987 4199 1050 4241 non
1075 4197 1144 4238 esso
1166 4193 1248 4244 usos,
