2910 4672
666 160 879 223 ..48-

206 332 375 406 strinxisse,
398 352 437 392 ne
462 333 542 392 ultra
560 333 676 414 justum
701 330 828 391 modum
851 329 1033 389 intlarentur
1047 347 1134 388 neve
1164 327 1353 407 turpiculum

207 453 243 494 os
266 434 446 495 redderent.
489 437 557 494 lam
581 453 676 506 vero,
715 432 803 493 chori
827 432 984 505 tibicines,
1006 429 1174 511 probabile
1196 436 1259 503 est,
1283 429 1354 491 sal-

206 543 268 595 tem
297 543 330 595 ut
358 537 525 616 plurimum
554 544 584 598 et
613 543 795 596 concentum
832 533 967 594 edidisse
998 542 1031 594 et
1059 531 1141 593 tibiis
1170 530 1355 610 adspirassu

206 637 347 716 pluribus
376 637 466 697 simul
496 638 706 710 cantantibus,
739 655 815 716 ergo
838 655 901 694 non
925 643 988 708 est,
1022 655 1077 695 our
1100 653 1156 696 eos
1178 642 1354 694 statuamus

207 737 342 816 capistro
365 759 429 798 non
455 739 594 819 putuisse
618 755 744 811 carere;
780 746 890 798 eontra
917 737 1046 800 luscinia
1075 743 1159 796 certe
1183 734 1355 796 maximam

204 846 326 921 partem
348 842 417 901 sola
440 841 589 913 canebat,
612 859 724 901 corvus
750 839 876 900 omnino
899 839 994 913 solus,
1017 857 1095 920 ergo
1117 846 1189 918 apte
1211 835 1354 898 uteban-

205 947 255 1001 tur
278 942 424 1020 capistro.
449 977 488 986 -
520 943 590 1002 Nou
613 942 711 1003 multo
743 941 899 1002 dillicilior
931 941 972 1001 ad
1002 939 1202 1014 solvendum,
1232 956 1353 1019 quam·
1444 969 1445 974 ¹

205 1060 299 1123 quam
320 1042 480 1123 aliquanto
504 1043 600 1124 magis
623 1042 797 1123 impHcata,
833 1061 871 1103 ea
895 1041 1039 1122 quaestio
1063 1051 1128 1116 est,
1158 1061 1220 1121 qua
1248 1039 1354 1122 agitur

205 1244 354 1306 Libanius
378 1246 504 1326 quidem
527 1248 611 1327 apud
642 1247 806 1322 Photium,
836 1247 913 1308 Bibl.
937 1247 999 1308 266
1021 1267 1051 1326 p.
1067 1246 1130 1308 495
1152 1245 1249 1307 aem.
1270 1245 1354 1305 haec

205 1348 316 1410 refert:
340 1346 548 1432 ἱστόρησαί
577 1373 630 1424 arc
651 1342 810 1432 Ἐφέσιος
832 1345 992 1422 Βάταλος
1013 1343 1160 1432 αὐλητὴς
1179 1346 1355 1431 γενέσθαι,

205 1444 250 1518 ὃς
270 1449 435 1526 πρῶτος
459 1447 709 1530 ὑποδήμασι
730 1451 993 1530 γυναικείοις
1024 1450 1087 1517 e'rrl
1109 1449 1183 1532 σῆς
1202 1447 1354 1529 σκηνῆς

205 1544 412 1634 ἐχρήσατο
437 1548 489 1613 καὶ
512 1549 625 1629 μέλεσι
649 1543 838 1632 αασεαγόσι,
860 1547 914 1612 καὶ
936 1544 1019 1618 ὅλως
1039 1543 1102 1627 τήν
1123 1544 1246 1628 ‘ripum‘
1270 1548 1353 1625 ἐμα-

206 1645 352 1714 idumea·
395 1649 494 1710 Porro
517 1650 601 1729 apud
624 1649 752 1711 Suidam
784 1669 807 1710 s.
829 1669 858 1710 v.
881 1642 1111 1730 Ἀντιγονίδας
1133 1644 1213 1706 haec
1235 1645 1352 1725 scripta

206 1751 420 1831 reperiuntur:
449 1746 503 1816 'A.
537 1747 694 1834 Σατύρου
727 1749 878 1833 Θηβαῖος
910 1741 1092 1831 μουσικός,
1121 1737 1270 1830 αὐλῳδὸς
1294 1749 1353 1813 Φι-

207 1852 353 1928 λοξένου·
390 1841 515 1926 οὗτος
534 1846 781 1936 ὑποδήμασι
805 1850 1034 1932 Μιλησίοις
1057 1848 1221 1931 πρῶτος
1241 1848 1353 1936 exori·-

207 1957 376 2022 σασοκαλ
400 1948 571 2036 ,κροκωτὸν
604 1958 640 2018 ἔα
662 1954 706 2038 τῷ
739 1953 911 2036 [suprema]
934 1947 1171 2036 περιεβάλλετο
1201 1943 1352 2031 ἱμάτιον.

207 2059 277 2118 Jam
299 2056 472 2138 probabilis
495 2065 543 2117 est
565 2055 745 2136 conjectura
767 2053 931 2126 Meineltii,
961 2050 1103 2112 Batulum
1125 2050 1228 2126 illum,
1259 2053 1353 2132 quis·-

209 2159 276 2238 quis
310 2158 383 2233 fuit,
415 2159 455 2218 ab
477 2157 631 2236 Eupolide
664 2157 696 2216 in
727 2156 831 2235 Baptis
862 2156 893 2216 in
923 2173 1049 2214 scenam
1072 2171 1142 2214 esse
1163 2153 1352 2233 productum

211 2259 428 2333 existimantis,
463 2257 523 2320 vid.
545 2258 661 2320 Hister.
684 2257 755 2332 crit,
771 2278 801 2337 p.
815 2256 897 2331 3353
926 2265 997 2318 acta
1020 2263 1124 2318 autem
1147 2265 1195 2318 est
1215 2257 1353 2337 Eupoli·-

212 2364 258 2424 dis
282 2362 388 2424 fabula
411 2363 525 2424 eodem
545 2361 650 2443 judice
676 2359 746 2440 (vid.
769 2381 799 2440 p.
817 2359 886 2442 125)
912 2359 1036 2441 Olymp.
1051 2359 1130 2435 XCl,
1153 2361 1170 2421 l-
1192 2359 1277 2421 ludis
1294 2361 1353 2422 Li-

210 2466 368 2527 beralibus
401 2465 542 2540 urbanis,
577 2483 653 2544 ergo
687 2483 750 2524 uuo
775 2482 858 2542 anno
890 2471 962 2526 ante
985 2481 1077 2542 quam
1109 2462 1194 2524 Aves
1223 2462 1355 2526 doceret

209 2566 444 2647 Aristophanes.
489 2567 583 2640 Quod
610 2564 650 2626 ad
672 2566 890 2646 Antigenidem
912 2567 1015 2647 Satyri
1038 2566 1161 2641 attinet,
1193 2566 1353 2628 diversum

209 2670 295 2730 illurn
319 2687 336 2730 a
360 2669 546 2750 cognomine
570 2667 711 2742 tibicine,
734 2668 875 2750 Dionysii
897 2665 980 2742 filio,
1009 2667 1042 2730 id
1065 2661 1151 2747 quod
1172 2668 1353 2748 nuperrime

211 2771 437 2832 demonstravit
457 2770 630 2832 Meiueltius
649 2772 774 2853 Fragm.
798 2790 877 2832 com.
901 2772 953 2832 Gr.
974 2770 1045 2832 Vol.
1065 2771 1113 2831 lll.
1136 2791 1167 2850 p.
1189 2772 1352 2847 lsslfnon

208 2880 313 2951 potest
335 2874 461 2952 quidem
484 2883 570 2956 certo
594 2873 731 2948 ostendi,
755 2893 827 2936 eum
844 2875 912 2956 jam
934 2881 1006 2936 ante
1024 2874 1106 2937 Aves
1128 2874 1254 2936 doctam
1276 2895 1352 2936 mu-

209 2974 306 3036 sicam
329 2976 522 3052 exercuisse3
545 2976 749 3054 Philoxenus,
781 2986 876 3057 poeta
898 2978 1041 3059 lyricus,-
1059 2979 1145 3060 cujus
1168 2977 1251 3059 apud
1275 2979 1353 3040 Sui·-

210 3077 283 3140 dam
304 3079 493 3160 perhibetur
513 3081 629 3143 tibicen
650 3081 763 3155 fuisse,
797 3081 930 3142 nominis
951 3081 1167 3157 celebritatem
1188 3090 1353 3142 assecutus

180 3213 185 3226 .
210 3184 363 3246 cst-circa
392 3185 516 3267 Olymp.
540 3185 639 3259 CXV,
673 3191 706 3246 ut
728 3183 1041 3246 monuithleineltius
1063 3185 1142 3245 Hist.
1165 3184 1231 3246 crit.
1253 3205 1285 3264 p.
1300 3186 1354 3260 89,

209 3283 266 3344 sed
284 3285 395 3364 ¹quidni
428 3286 646 3368 Antigenidam
678 3286 781 3368 Satyri
810 3288 875 3369 jam
911 3286 1007 3348 multo
1039 3292 1112 3346 aute
1142 3285 1206 3346 hoc
1229 3292 1354 3366 tempus

210 3401 249 3444 ue
273 3383 375 3450 dicam
402 3387 602 3462 inclaruisse,
632 3397 666 3450 at
688 3389 845 3452 musicam
867 3389 1045 3452 exercuisse
1067 3393 1257 3460 statuamus3
1287 3407 1353 3468 quo

209 3483 354 3564 probato,
378 3486 470 3547 etiam
493 3486 520 3546 si
541 3487 694 3566 ponimus,
720 3483 915 3570 Κομασσὴα
936 3486 1032 3548 luisse
1054 3485 1217 3548 Philoxeni
1241 3487 1354 3572 dithy-

209 3588 381 3651 rambicum
414 3607 569 3680 carmen,
600 3608 663 3652 non
696 3590 922 3672 Antigenidas,
957 3591 1052 3670 qued·
1073 3591 1229 3670 posterius
1258 3595 1354 3655 statui

209 3711 303 3770 posse
337 3693 522 3756 existimavit
554 3695 726 3776 llleiueltius
749 3697 769 3756 l.
793 3717 817 3758 c.
852 3717 882 3776 p.
901 3695 974 3760 341.
1006 3695 1152 3767 adn.·.6l,
1175 3725 1217 3742 »-
1247 3703 1353 3756 tamen

210 3792 327 3869 optime
349 3815 474 3874 sumere
497 3798 586 3870 licet,
614 3799 833 3880 Antigenidam
863 3799 965 3880 Satyri
995 3794 1122 3857 Milesiis
1152 3796 1264 3860 calceis
1283 3799 1353 3879 jam

209 3900 281 3954 aute
304 3894 386 3956 Aves
407 3907 510 3960 actum
541 3917 631 3960 mum
663 3916 751 3972 esse,
786 3899 858 3980 quia
891 3898 989 3960 verba
1022 3896 1137 3960 Suidac
1165 3919 1261 3981 snpra
1290 3919 1353 3962 ex-

209 3995 324 4076 scripta
354 3997 598 4080 haudquaquam
634 4002 795 4082 postulant
822 4000 968 4075 omuino,
1011 4007 1044 4062 ut
1071 4001 1288 4084 Antigenidem
1312 4023 1353 4064 eo

210 4101 279 4180 ipso
315 4108 471 4180 tempore,
517 4115 580 4180 quo
613 4121 744 4183 operam
777 4121 866 4164 suam
903 4104 1040 4168 navabat
1062 4102 1238 4166 'Philoxeni
1275 4103 1351 4167 Ku-

211 4203 341 4289 μασσῂ,
374 4201 520 4288 primum
546 4203 618 4272 illos
651 4203 776 4266 calceos
813 4211 965 4285 gestasse·
990 4206 1209 4288 existimemus.
1266 4205 1352 4278 Quin
