2910 4654
560 129 797 190 -131-

106 301 218 375 nerit,¹
238 301 321 364 inter
345 315 451 364 omnes
473 297 570 376 deos,
602 299 628 361 si
650 302 761 363 Jovam
783 301 957 384 exceperis,
992 300 1069 364 nulli
1092 299 1247 366 civitatum

101 401 235 465 tutelam
257 404 308 466 vel
330 401 650 483 rerumpublicarum
672 403 972 470 administrationem
995 411 1161 487 tantopere
1179 419 1249 474 ease

106 504 194 566 cordi
205 535 222 581 ,·
236 523 329 587 mam
349 495 526 584 Minervae,
548 507 582 570 in
605 525 665 589 qua
689 509 821 571 eximiae
843 509 1092 592 putentiaevcum
1116 507 1248 590 sapien

104 608 148 668 tia
171 625 209 670 ac
230 609 398 690 prudentia
427 618 596 676 concentus
620 613 858 695 agnoscebatur.
904 610 999 674 Simul
1020 611 1076 674 illa
1097 612 1193 676 rerba
1215 611 1248 676 iu

104 713 290 776 memoriam
319 723 470 778 revocant
502 716 583 778 haec
613 715 757 778 Aristidis
792 715 832 777 de
864 715 1002 777 Minerva
1036 714 1120 776 dicta
1152 735 1183 802 p.
1205 715 1245 776 31

106 815 230 897 Steph.:
263 816 326 881 cori
353 813 432 892 Διὸς
466 823 546 904 ἔργα
572 813 668 885 ιιοινοῖ
702 817 764 884 eoi
796 811 874 892 Διὸς
909 817 961 883 nui
995 817 1054 902 πῆς
1081 805 1247 900 Ἀθῄνοὶς.

106 917 169 978 Sed
191 917 319 1000 objiciat
341 919 463 999 aliquis,
492 939 556 981 non
579 921 718 1002 liquere,
742 941 816 998 cur,
848 923 875 986 si
906 925 946 986 ita
969 921 1026 999 sit,
1055 929 1151 1004 poeta
1183 941 1247 982 non

105 1017 315 1100 appellaverit
347 1024 448 1103 ipsam
481 1022 674 1098 Minervam,
708 1023 764 1086 sed
796 1025 922 1087 nomine
950 1028 1051 1090 minus
1074 1034 1151 1090 noto
1172 1045 1246 1089 usus

102 1122 151 1182 sit.
203 1122 318 1184 Verum
354 1123 397 1185 ita
431 1131 466 1187 ut
499 1131 626 1206 ageret,
655 1124 778 1187 idoneis
810 1127 926 1190 caussis
958 1137 1085 1212 poterat
1117 1128 1263 1200 moveri„

100 1225 223 1286 Etenim
252 1245 369 1288 nomen
397 1227 560 1294 Βαοίλοιοι
579 1211 686 1309 aperte
708 1227 930 1309 significantius
954 1241 1022 1296 crat
1052 1242 1084 1297 ct
1115 1232 1246 1295 adrem

101 1327 218 1407 aptius,
242 1345 333 1408 quam
356 1319 505 1411 Ἀθηνᾶ,
527 1329 610 1393 hanc
637 1336 741 1392 autem
763 1329 995 1414 intelligendam
1018 1355 1087 1399 esse
1111 1343 1145 1399 ut
1166 1355 1245 1417 per-

101 1429 292 1510 spiceretur,
316 1439 347 1494 et
368 1431 483 1494 fabulis
507 1439 631 1494 cautum
655 1443 723 1498 erat
745 1445 776 1500 et
799 1436 839 1498 ab
862 1436 930 1519 ipso
960 1444 1056 1519 poeta
1077 1437 1133 1515 iis,
1164 1455 1246 1518 quae

101 1530 140 1591 da
164 1531 226 1592 dea
249 1532 335 1608 dixit,
358 1537 434 1598 satis
456 1536 626 1618 provisum.
671 1540 734 1601 Nec
756 1540 867 1616 refert,
890 1543 975 1622 quod
1001 1542 1034 1602 in
1057 1560 1094 1603 ea
1116 1538 1245 1602 fabulae

100 1647 210 1718 parte,
235 1639 288 1701 uhi
311 1640 350 1702 de
372 1639 489 1704 Basilia
512 1659 616 1704 sermo
648 1649 708 1717 est,
741 1642 900 1728 llinerrae
921 1645 965 1704 ita
987 1642 1022 1702 fit
1044 1641 1180 1716 mentio,
1213 1647 1246 1700 ut

101 1741 230 1822 proprio
253 1743 380 1804 nomine
402 1737 575 1824 Ἀθηναία
600 1753 746 1816 vocetur,
769 1745 821 1804 Vs.
843 1743 925 1806 1562
942 1765 1029 1825 sqq.:

614 1879 655 1890 -
681 1845 750 1918 πῶς
778 1839 822 1911 ἄν
844 1869 926 1911 ποτε

186 1945 368 2031 ἐπίκληρον
389 1945 475 2012 οἶνοι
497 1940 561 2028 οὴν
581 1940 779 2031 Ἀθηναίων
802 1945 903 2025 δοκοῖς

185 2040 289 2116 οὖσαν
311 2041 478 2132 θυγατέρ’,
498 2043 604 2114 ὄντων
628 2038 780 2131 cidalpoiu
801 2047 963 2133 γνησίωνς

94 2153 194 2212 lrnmo
211 2149 244 2210 id
256 2149 367 2230 ipsum,
391 2149 476 2229 quod
498 2148 646 2212 hocloco
664 2149 804 2213 Minerva
822 2149 935 2212 dicitur
953 2149 1128 2234 ἐπίκληρος
1147 2149 1244 2225 toris,

95 2254 121 2315 si
135 2267 206 2315 curn
218 2251 256 2315 iis
270 2250 478 2327 contenditur,
490 2268 571 2331 quae
583 2250 652 2313 aliis
663 2252 791 2314 fabulae
803 2251 882 2314 locis
896 2248 1056 2314 deBasilia
1070 2251 1175 2332 posita
1187 2271 1244 2314 re-

95 2355 266 2442 periuntur,
286 2354 327 2416 ad
346 2355 463 2418 nullam
481 2355 574 2418 aliam
587 2362 650 2418 tam
666 2353 749 2416 hene
765 2353 907 2434 quadrat,
925 2372 1018 2434 qnam
1032 2353 1073 2415 ad
1084 2353 1243 2429 Basiliam,

94 2457 139 2520 ita
162 2463 197 2519 ut
210 2457 262 2520 vel
280 2458 365 2522 hunc
384 2457 491 2520 locum
506 2457 544 2519 iis
563 2457 771 2519 adnumerare
792 2453 894 2529 liceat,
918 2473 937 2516 a
959 2453 1072 2536 quihus
1094 2454 1243 2517 Basiliam

94 2578 159 2621 non
181 2558 338 2623 diversam
371 2579 440 2622 esse
475 2577 494 2620 a
525 2558 666 2623 Minerva
699 2563 861 2639 appareat.
917 2557 1026 2638 Neque
1056 2557 1120 2618 hoc
1148 2555 1242 2618 velim

93 2662 392 2743 praetervideamus.
438 2663 540 2743 Supra
563 2663 645 2724 enim
666 2663 720 2725 Vs.
741 2661 804 2726 828
826 2659 1039 2725 Pisthetaerus
1071 2657 1241 2722 Minervam

93 2758 296 2847 [Ἀθηναίαν
320 2760 472 2848 πολιάλο)
496 2764 640 2847 designat
666 2760 979 2844 Nephelococcygiae
996 2755 1081 2826 θεὸν
1099 2761 1243 2828 πολιοιῑ-

94 2887 166 2950 χον.
210 2865 266 2930 Cui
298 2866 482 2930 adversatur
504 2867 631 2947 quidem
663 2866 849 2947 Euelpides,
879 2865 935 2928 sed
960 2866 1027 2948 ejus
1048 2863 1146 2928 verha
1169 2883 1243 2926 om-

93 2966 168 3028 niuo
191 2986 256 3032 uon
278 2975 441 3044 curantur;
465 2987 568 3048 neque
590 2968 693 3044 iniis,
731 2987 813 3049 quae
835 2973 948 3050 postea
970 2965 1125 3047 leguntur,
1147 2964 1241 3027 ullius

94 3066 173 3126 allus
196 3071 278 3135 θεοῦ
301 3063 486 3156 πολιούχου
508 3071 624 3133 mentio
652 3069 697 3134 fit.
740 3073 808 3134 lam
830 3069 976 3151 prolecto
999 3085 1064 3128 nou
1086 3065 1241 3149 intelligi-

94 3175 153 3243 tur,
175 3188 239 3232 non
262 3180 405 3254 tamquo
427 3173 491 3237 fine
515 3165 614 3256 poeta
634 3173 718 3236 illius
739 3173 852 3236 ovium
872 3170 958 3235 urbis
977 3169 1152 3232 Minervam
1171 3190 1240 3232 csse

91 3261 179 3334 θεόν
196 3273 376 3363 πολιοῦχον
391 3274 526 3352 finxerit,
549 3275 660 3357 dequo
675 3275 758 3353 ride,
781 3293 863 3357 qnae
882 3289 978 3356 supra
998 3292 1031 3354 p.
1045 3273 1106 3335 113
1125 3279 1156 3335 et
1178 3274 1240 3338 118

89 3370 278 3449 monuimus,
302 3397 396 3457 quam
417 3376 579 3461 quomodo
596 3377 656 3460 ipsi
669 3379 751 3441 hanc
766 3396 834 3441 rcm
853 3373 971 3459 fingere
991 3373 1121 3452 licuerit,
1144 3397 1239 3458 quum

89 3470 284 3551 reliquorum
307 3477 438 3542 deorum
461 3480 691 3565 Olympiorum,
714 3485 845 3563 excepta
871 3478 996 3552 Basilia,
1020 3478 1140 3540 nullam
1163 3498 1237 3540 om-

88 3576 165 3636 niuo
187 3575 344 3640 rationem
356 3579 478 3645 'haberi
499 3584 652 3661 voluerit,
683 3590 778 3664 atque
801 3599 858 3655 aa,
882 3598 963 3660 quae
985 3579 1044 3642 sub
1067 3577 1162 3641 finam
1184 3578 1238 3640 fa-

88 3677 183 3739 bulae
206 3678 247 3742 de
268 3680 331 3745 hac
352 3683 441 3761 fecit,
471 3687 515 3749 ita
538 3692 720 3770 comparata
743 3685 823 3759 sint,
853 3689 887 3744 ut
914 3699 986 3745 eum
1017 3681 1121 3763 potius
1144 3665 1237 3744 Basi-

87 3778 162 3840 liam
186 3778 272 3846 θεὸν
295 3791 481 3876 πολιοῦχον
503 3791 742 3855 constituturum
765 3785 863 3849 luisse
893 3788 1066 3865 exspectes
1109 3782 1150 3844 lli
1172 3784 1236 3866 igi-

87 3887 136 3943 tur
159 3885 298 3963 scrupuli
327 3892 441 3953 remoti
470 3901 575 3967 erunt,
606 3892 633 3953 si
666 3897 822 3970 sumptum
847 3885 958 3961 fuerit,
991 3885 1151 3948 Comicum
1172 3907 1235 3949 vo·-

86 3983 200 4060 luisse,
224 3987 370 4054 Basiliam
391 3995 524 4056 eandem
548 4013 618 4057 esse
641 4001 735 4073 atque
761 3991 943 4054 Minervam.
965 4024 1007 4035 -
1029 3990 1234 4071 acquiescam

86 4085 116 4145 in
139 4087 188 4149 his
212 4087 356 4153 indicatis
379 4095 477 4176 magis
498 4115 591 4178 quam
615 4097 726 4157 ordine
750 4093 925 4175 disputatis.
969 4091 1036 4154 llac
1057 4092 1150 4174 igitur
1166 4093 1234 4153 Ba-

86 4189 155 4250 silia
179 4190 209 4252 in
233 4195 592 4261 niatrimoniumducta
623 4198 834 4263 Pisthetaerus
864 4202 930 4260 tum
961 4215 1062 4260 novus
1093 4193 1234 4277 luppiter·

845 4311 885 4372 10
