2910 4672
146 1249 494 1441 observantiae
530 1386 630 1493 erga
662 1359 755 1440 Te
762 1390 880 1445 meuc
915 1368 1157 1484 gratique
1145 1399 1188 1450 m
1218 1370 1283 1451 Te

143 1491 227 1571 mei
265 1489 420 1596 animi,
474 1492 540 1574 vir
572 1523 740 1574 summe
780 1492 1044 1600 venerande,
1096 1512 1141 1574 ιιι
1180 1501 1284 1572 nrthl

142 1615 241 1684 licen
240 1629 304 1682 ιι
325 1621 463 1712 psalm
499 1618 612 1712 unqu
588 1621 672 1682 ιιυιι
708 1623 809 1680 uare
844 1617 1157 1706 tesmonium,
1193 1603 1285 1726 jam

142 1733 308 1846 pridem
344 1741 441 1816 vota
480 1731 582 1814 feci.
645 1731 731 1814 'Ad
771 1762 877 1844 quae
916 1731 1117 1816 solvenda
1155 1763 1285 1842 quum

143 1895 210 1946 me
236 1874 333 1946 ante
359 1865 522 1975 aliquot
544 1893 712 1948 menses
737 1864 1035 1970 accinxissem,
1067 1893 1152 1975 quo
1178 1873 1283 1945 tem·
1328 1895 1330 1906 ¹

142 2025 249 2108 pore
279 1995 397 2077 Tibi·
416 1995 530 2076 diem
562 1987 741 2078 natalem
754 2036 759 2044 ·
772 1996 1079 2105 octogesimum
1112 1995 1284 2105 tertium

144 2128 359 2210 celebrare
387 2127 583 2238 contigit,
619 2130 894 2239 prohibebar,
930 2127 1156 2241 quominus
1183 2155 1283 2208 con·

143 2258 285 2347 silium
305 2275 447 2343 mcum
462 2288 736 2371 exsequerer.
792 2261 920 2367 Quod
939 2259 1283 2364 inritusdistuli,

144 2409 232 2471 non
261 2389 418 2500 abjeci.
479 2390 605 2472 Nunc
634 2390 774 2475 illuxit
800 2392 1032 2474 laetusille
1056 2391 1166 2496 dies,
1198 2417 1283 2501 quo

141 2533 241 2606 ante
270 2523 349 2605 hos
379 2521 684 2635 quinquaginta
718 2553 853 2606 annos
883 2525 1036 2606 summi
1071 2523 1116 2603 in
1146 2521 1283 2633 philo·
1337 2573 1340 2578 ·

42 2687 46 2698 ’
143 2656 294 2767 sophia
326 2655 513 2736 honores
542 2655 587 2737 in
618 2656 706 2762 Te,
747 2655 942 2768 jamdiu
976 2683 1149 2736 munere
1184 2682 1283 2765 pro·

143 2786 327 2871 fossorio
359 2785 574 2893 functum,
612 2798 812 2901 tanquam
841 2786 981 2898 majus
1010 2783 1184 2898 aliquod
1215 2813 1283 2867 or·

143 2931 402 3020 numentum,
434 2919 579 3003 collati
601 2933 735 3006 sunt..
755 2919 846 3004 ιιΕιι
868 2919 1032 3028 adsum,
1064 2921 1130 3004 vir
1154 2919 1283 3001 caris·

143 3054 272 3160 sime,
304 3055 451 3164 accipe
477 3053 682 3136 benevole
704 3053 786 3136 hoc
809 3051 1121 3156 munusculum,
1153 3050 1283 3161 pusil-

59 3219 62 3230 ·
143 3183 232 3265 lum
257 3181 364 3264 illud
394 3181 564 3292 quidem
595 3195 638 3266 et
666 3185 738 3267 rix
762 3186 859 3267 Tuo
889 3184 1061 3266 nomine
1089 3183 1282 3293 dignum,

143 3314 220 3398 sed
248 3313 517 3427 professione
552 3317 723 3427 pietatis
754 3313 1054 3398 excusandum.
1125 3311 1282 3396 Crede·

141 3451 239 3529 bam
267 3456 406 3529 autem
437 3448 500 3530 rei
529 3448 739 3563 imprimis
769 3475 862 3530 esse
888 3447 1164 3564 conveniens,
1194 3456 1282 3528 stu·

142 3578 311 3661 diorum
341 3608 533 3662 meorum
560 3581 645 3663 tale
671 3581 774 3663 Tibi
803 3581 959 3663 offerre
986 3579 1219 3690 specimen,
1259 3605 1284 3660 e

142 3740 227 3824 quo
253 3710 403 3816 simul,
438 3711 542 3824 quid
567 3737 651 3824 ‘ego
682 3713 726 3793 in
756 3713 835 3796 hae
864 3713 1084 3794 literarum
1107 3710 1282 3794 univer·

141 3845 284 3951 sitate,
309 3845 380 3932 cui
401 3845 470 3926 Tu
493 3844 584 3928 fere
607 3843 834 3927 duodecim
856 3875 934 3957 per
956 3844 1088 3927 lustra
1111 3844 1282 3956 egregie

143 3987 210 4083 et,
252 3975 344 4086 jam
381 4005 511 4060 senex
549 3980 874 4091 octogenarius,
920 3980 1066 4091 vigore
1098 3975 1282 4088 juvenili

143 4106 421 4214 consuluisti,
465 4107 660 4194 docendo
694 4113 1026 4224 praestitissem,
1073 4139 1127 4191 ex
1160 4114 1281 4220 parte

142 4239 313 4356 quidem
342 4270 492 4356 posses
524 4271 713 4328 censere.
783 4247 893 4329 Tres
921 4244 1035 4328 enim
1063 4241 1154 4322 fere
1183 4242 1283 4324 sunt
