2910 4672
545 156 757 216 ..19..

78 325 201 388 ridetur
222 321 398 386 enlm-loco
420 321 596 384 Aristotelis
617 315 723 406 ὀσφῦς
750 317 926 402 significare
948 321 1051 401 potius
1077 341 1216 404 «perpe-

79 437 164 488 tuam
182 425 321 506 spinam»
346 441 440 504 qnam
462 423 769 506 simamperpetuae
789 420 933 504 spinae.»
959 428 993 484 ιιι
1013 423 1097 504 apud
1113 424 1217 508 Cyril-

78 530 142 590 lum
161 528 246 591 idem
267 526 374 590 valere
396 525 542 600 traditur,
574 524 662 605 quod
688 519 799 610 ράχιςς
830 531 875 596 οι,
904 522 1038 586 eandem
1064 525 1133 587 lere
1154 528 1216 590 tim

80 651 150 695 esse
171 629 315 694 vocabuli
337 630 369 692 iu
391 629 497 711 glossa
510 625 854 712 Etymologicillagni,
876 625 902 687 is
925 626 1093 688 contendat
1115 645 1217 709 opos·-

80 742 138 808 tet,
160 733 214 813 qui
235 732 294 794 sibi
316 731 524 812 persuaserit,
547 751 634 806 eum,
661 728 873 811 qui'singulas
894 727 974 792 illius
997 736 1218 810 partescum·-

78 834 202 914 pilavit,
238 833 443 907 intellexisse,
477 832 551 912 quid
579 831 790 915 significarent
811 849 868 906 ea,
904 849 985 912 quae
1008 832 1217 915 congerebat}

79 937 255 1000 Venronem
283 935 420 1016 donique
448 937 570 1017 spinam·
598 934 789 1017 significasse
819 942 1022 1016 perpetuam,
1053 953 1106 996 res
1134 944 1219 1022 certa

80 1046 137 1101 est.
180 1038 295 1102 Contra
317 1037 401 1118 apud
422 1037 607 1112 Lucianum,
636 1035 808 1119 Lesipltan.
830 1035 905 1118 Cap.
923 1036 1010 1098 Vlllt
1040 1031 1141 1132 ‹ittpe
1165 1039 1219 1122 tp·-

78 1140 233 1224 precesve
254 1131 316 1206 ctis
337 1141 453 1222 γέλωτι
470 1135 538 1219 ctis
558 1133 683 1221 inpos,
713 1159 807 1221 quem
829 1159 926 1202 unum
945 1139 1050 1204 locum
1072 1157 1091 1200 e
1113 1136 1219 1228 serio·-

78 1242 166 1304 rihus
193 1241 316 1322 scriptis
343 1241 480 1304 attulisse
506 1241 580 1304 satis
605 1240 729 1314 haheo,
762 1241 953 1304 uocabulum
972 1239 1078 1322 inpie
1105 1257 1163 1320 per
1183 1257 1219 1302 so

79 1343 183 1406 solum
208 1343 345 1424 positum
374 1350 421 1406 ast
442 1342 483 1408 de
509 1349 659 1406 extremo
688 1340 779 1404 tlorsi
802 1348 899 1426 porte
924 1349 959 1405 et
983 1341 1024 1404 tle
1053 1338 1219 1415 classibus,
1321 1352 1323 1358 '

79 1453 115 1502 ut
141 1446 226 1522 apud
252 1447 472 1524 grammaticos
498 1443 661 1506 vocabula·
680 1444 883 1524 ῥικνοιῑιιθιιι
911 1453 943 1506 et
965 1445 1220 1538 διαρικρούοθαι

79 1537 289 1622 explicantes,
330 1565 409 1624 quos
440 1545 544 1606 citavit
572 1545 783 1608 Schneiderus
816 1545 933 1624 libro,
960 1547 1012 1626 qui
1028 1545 1221 1610 amentiam

82 1643 165 1707 «Das
194 1641 332 1708 Attischc
362 1643 642 1718 Theaterwcsen,n
671 1665 704 1727 p.
720 1645 794 1710 234.
849 1646 898 1710 td
928 1654 1038 1728 poetas
1065 1647 1133 1730 jam
1161 1665 1220 1710 nos

79 1750 298 1808 convertentes
325 1745 429 1808 locum
448 1745 663 1830 Aeschylium,
693 1749 779 1832 cujus
804 1747 838 1812 itt
860 1749 991 1830 gratiam
1012 1749 1094 1814 haec
1115 1751 1221 1814 omnia

79 1848 290 1927 disputamus,
321 1847 362 1910 ad
390 1857 510 1929 tempus
539 1851 729 1931 primoribus
754 1858 889 1926 tantum,
927 1861 961 1914 ut
990 1853 1093 1935 ajunt,
1122 1851 1221 1916 labris

76 1949 277 2030 attingemus.
328 1949 361 2012 si
382 1967 458 2012 vera
485 1959 569 2014 esset
594 1953 739 2014 vocabuli
760 1953 847 2017 sciis
874 1953 1107 2034 interpretatio,
1141 1971 1222 2032 quae

79 2050 237 2132 reperitur
259 2051 290 2112 in
313 2051 463 2116 Scholiis:
493 2047 535 2118 cci
560 2053 627 2118 seis
651 2053 768 2136 μηρῶν
793 2044 893 2129 «ioasi,
922 2051 1051 2137 μηρία,
1081 2067 1222 2137 tempesto

79 2153 179 2232 ὀσιιῐ,
207 2161 239 2218 et
259 2155 286 2217 si
308 2161 480 2228 constaret,
512 2153 569 2218 diis
592 2173 656 2216 non
679 2173 749 2217 esse
772 2153 959 2218 oblatanisi
980 2173 1054 2216 ossa
1076 2156 1221 2220 carnibus

78 2257 219 2332 nudam,
239 2265 371 2322 eertum
401 2265 501 2334 esset,
538 2259 726 2322 vocabulum
756 2251 861 2338 ὀσφῦς
889 2258 952 2320 hoc
981 2258 1055 2322 loco
1083 2258 1124 2322 de
1153 2259 1223 2320 sola

79 2365 172 2446 spina
193 2379 263 2424 esse
285 2362 529 2442 intelligendum.
578 2363 618 2422 At
638 2360 724 2441 prins
746 2359 822 2422 illud
843 2367 877 2422 ut
898 2379 1071 2436 sumamus,
1098 2361 1223 2441 linguae

79 2486 156 2529 ustas
177 2464 420 2546 haudquaquam
442 2465 595 2546 postulet,
628 2463 760 2526 alterum
781 2462 845 2524 hoc
866 2462 910 2526 ita
933 2481 1019 2538 esse,
1050 2470 1136 2526 recte
1159 2481 1222 2524 ne·-

80 2573 234 2652 gaverunt
256 2557 409 2650 lleyuius,
437 2570 463 2630 J.
482 2567 518 2630 G.
534 2565 760 2640 Schneiderus,
791 2564 992 2630 Godosredus
1013 2565 1221 2660 Hermanuus,

80 2680 114 2734 et
140 2671 320 2751 nuperrime
348 2671 429 2732 falso
457 2679 613 2752 sumptum
643 2689 712 2732 esse
741 2671 971 2734 accuratissime
998 2671 1137 2735 omnium
1159 2668 1222 2731 de·-

11 2763 12 2774 ’
80 2772 265 2836 monstravit
285 2775 319 2834 B.
336 2772 371 2833 G.
383 2773 541 2856 Weiskius
563 2773 661 2846 libro,
691 2791 784 2853 quom
810 2771 965 2852 inscripsit
994 2771 1223 2840 «Prometheus

81 2875 146 2940 und
173 2875 240 2936 sein
262 2875 510 2958 Mythenkrais,»
541 2897 572 2956 p.
589 2875 651 2938 247
671 2896 740 2956 sqq.
788 2879 956 2938 Praeterea
984 2874 1068 2955 apud
1094 2875 1222 2936 Aristo·-

79 2984 219 3066 phanem
245 2978 401 3058 reperitur
426 2981 629 3054 vocabulum,
660 2986 693 3040 et
713 2986 762 3041 tor
784 2979 926 3060 quidem,
957 2977 1044 3042 Pacis
1067 2978 1121 3040 Vs.
1138 2975 1222 3038 1053

80 3087 122 3148 tle
146 3101 206 3144 ove
229 3088 426 3160 usurpatum,
454 3085 629 3162 Vespasum
651 3085 705 3143 Vs.
724 3083 812 3144 2252,

197 3185 307 3266 ἔχουσι
329 3175 396 3262 γὰρ
415 3183 470 3248 sui
491 3185 631 3265 siccem·
656 3186 691 3246 ss
710 3183 773 3266 τῆς
794 3176 937 3266 o'opsioc,

79 3289 123 3349 de
140 3281 319 3347 homiuibus
336 3282 447 3346 iisdem
464 3283 789 3365 vespis,‚Amphiarai
805 3284 997 3366 fragmento,
1021 3283 1105 3363 quod
1123 3290 1224 3350 exstat

78 3387 166 3472 apud
193 3385 356 3448 Aelianum
386 3385 426 3446 dc
454 3388 489 3448 N.
512 3388 549 3448 Λ.
573 3387 647 3462 Xll,
668 3387 704 3460 9,
736 3387 792 3450 cis.
814 3387 962 3450 Meineltii
989 3387 1121 3470 sragm.
1135 3385 1222 3450 Com.
1281 3461 1283 3468 y

80 3493 192 3554 Graec.
213 3489 285 3550 Vol.
298 3489 337 3548 ll.
359 3491 391 3550 P.
407 3489 445 3550 ll.
468 3510 498 3570 p.
515 3491 597 3554 955:
1212 3525 1215 3534 ‚

193 3606 332 3691 Ὀσφῦν
354 3602 385 3674 δ’
408 3615 440 3686 ἐξ
464 3606 573 3693 ἄκρων
592 3610 820 3694 διακίγκλισον
839 3607 924 3694 tilica
946 3610 1082 3693 κίγκλοι)

128 3737 132 3744 ’
195 3702 320 3794 eripit<
342 3701 551 3796 πρεσβύτου·
580 3709 683 3776 τελέει
705 3704 737 3775 ‹t'
761 3705 903 3795 ἀγαθήν
925 3703 1103 3792 ἐπαοιδήν,

80 3817 121 3878 tle
144 3831 219 3888 ave,
253 3831 334 3892 quae
356 3813 488 3897 ulyssice
517 3811 749 3894 appellabatur,
781 3813 872 3876 simul
902 3821 995 3894 atque
1019 3811 1058 3872 ‹le
1083 3811 1221 3875 homine.

80 3913 168 3980 Pacis
194 3914 322 3978 tabulae
349 3915 468 3989 locum,
503 3916 555 3996 qui
583 3921 631 3975 cst
657 3913 731 3975 inde
758 3916 852 3976 aVs.
870 3915 954 3978 1020
980 3933 1078 3996 usque
1105 3916 1145 3977 ad
1168 3917 1221 3978 Vs.

83 4017 181 4090 1055,
213 4017 239 4079 si
266 4019 334 4098 quis
361 4019 515 4100 integrum
535 4017 712 4100 'perlegerit
739 4018 844 4099 paullo
872 4017 1032 4091 attentius,
1060 4018 1136 4080 milti
1158 4019 1220 4080 ad-

80 4119 247 4194 sentietur,
276 4120 404 4200 opinor,
434 4137 475 4181 ex
495 4129 600 4182 manta
621 4127 737 4201 poetae
759 4113 823 4204 τήν
840 4113 949 4202 o'optic
972 4119 1021 4180 vel
1043 4117 1128 4180 idem
1150 4129 1220 4178 esse

80 4219 168 4300 quod
190 4211 233 4288 cci
254 4220 359 4307 μηρία
383 4215 515 4288 siracti
535 4218 642 4308 μηρώ,
667 4224 717 4288 vel
739 4223 850 4288 saltem
872 4223 956 4286 illam
980 4219 1120 4302 corporis
1141 4235 1221 4298 par-
