2910 4672
622 129 874 190 xmid--

197 308 320 390 jeetnra
341 321 361 365 a
381 299 519 382 Reisigio
541 294 667 360 relictus
689 303 746 360 eat.
794 287 880 379 Ego,
909 315 1004 377 qnam
1026 294 1213 378 praesertin
1235 293 1349 374 plnres

133 464 135 472 ,
200 395 273 469 libri
298 424 389 468 mser.
411 403 444 465 in
469 401 570 482 iisque
593 399 737 474 nonnum
759 398 897 463 melioris
918 406 1014 463 natae
1036 395 1125 472 dcem
1150 397 1350 478 praeberent

201 529 262 590 pro
283 503 328 582 ὥς
349 529 417 582 τις,
433 502 571 587 jamdiu
588 509 645 578 est,
668 520 707 566 ex
725 522 788 586 qua
806 501 1004 564 scribendum
1023 519 1093 564 esee
1112 498 1349 562 intellexeram:

204 608 326 696 Πλανᾷ
348 601 449 680 wude
469 599 639 689 θ’ἲατρὸς,
659 601 751 680 ὅστις
773 612 846 679 etr..
869 624 963 687 quam
984 607 1085 687 ipram
1106 601 1263 664 scribendi
1286 619 1349 664 ra-

116 744 119 750 ·
203 713 322 776 tionem
350 729 371 772 a
396 708 591 772 smneidero
618 715 777 792 repertam
806 726 876 771 esse
897 716 970 791 pest
992 704 1214 778 animadverti,
1247 703 1349 784 enjus,

202 816 230 878 si
254 816 331 878 tanti
352 820 417 888 eet,
443 813 515 874 vide
537 810 782 874 adnotationem.
798 845 841 858 ·-

715 1065 835 1150 Vlll.

206 1209 303 1278 Agitur
325 1211 358 1260 de
381 1209 516 1282 scriptam
540 1209 613 1269 leci,
637 1209 686 1278 qui
708 1215 749 1260 ert
766 1208 815 1262 Vr.
829 1206 882 1260 494
898 1223 978 1276 σαψ,
1006 1209 1093 1275 deque
1113 1207 1139 1255 ri
1157 1210 1348 1274 aepateatate,

505 1295 699 1348 vocabulorum
718 1291 798 1357 ὄσοῦς
817 1300 845 1346 et
859 1289 928 1366 ,ἱερδν
948 1290 1049 1346 ὅστοῠν.

224 1471 227 1476 .
320 1417 454 1507 Kainon
475 1441 511 1483 τε
533 1421 621 1486 πώλα
644 1413 877 1502 συγκαλυπτα·
903 1419 957 1486 καὶ
979 1415 1117 1503 μακροὶν

188 1513 191 1520 ’
321 1508 430 1597 ὀοριῖν
454 1507 626 1598 πυρώσας,
654 1514 903 1599 δυστέκμαρτον
924 1523 972 1588 εἰς
997 1519 1118 1603 τέχνην

321 1613 431 1684 ὥδωσα
455 1609 623 1698 θνητούς·
659 1617 715 1681 καὶ
741 1611 902 1699 φλογωπὰ
926 1612 1062 1700 σήματα

322 1713 565 1800 ἐξωμμάτωσα,
592 1709 747 1801 πρόσθεν
768 1709 838 1783 ὄντ’
860 1712 1048 1803 ἐπάργεμα.

192 1845 268 1908 ‘llic
289 1847 376 1910 loeus
398 1853 622 1928 praeterquam
644 1847 729 1928 qnod
750 1865 850 1930 prava
875 1848 1114 1930 interpungendi
1139 1847 1261 1908 ratione
1285 1848 1350 1911 elr-

210 1957 349 2012 sem-atus
380 1958 444 2024 est,
475 1951 678 2014 -delenda
712 1951 794 2014 enim
825 1951 935 2034 preenl
967 1949 1063 2012 dubio
1094 1948 1350 2030 interpunctionis

210 2055 313 2135 signa,
345 2069 426 2132 qnae
449 2061 520 2115 snnt
539 2063 613 2135 pest
634 2049 851 2137 nvyualnmai
880 2062 912 2115 et
935 2060 1007 2132 port
1029 2045 1198 2133 θνητούς,
1213 2087 1257 2099 -
1285 2052 1351 2113 dn-

210 2155 311 2216 llitare
342 2155 430 2228 licet,
466 2156 623 2218 habeatne
656 2157 749 2217 etiam
778 2155 955 2238 graviorem
982 2155 1134 2216 maculam
1157 2157 1351 2235 adspersam.

211 2257 315 2330 Quum
344 2255 427 2318 enim
455 2257 589 2338 primurn
616 2259 679 2342 legi
707 2257 806 2322 verba
833 2258 1011 2334 Menandri,
1033 2275 1125 2339 'qnae
1153 2257 1352 2340 reperiuntur

212 2358 295 2442 epud
309 2359 505 2424 Athenaeum
522 2361 572 2438 tr,
594 2363 713 2446 pate,
729 2361 765 2424 E.
783 2369 819 2424 et
842 2361 925 2444 apud
947 2361 1139 2425 Clementem
1160 2359 1352 2422 Alexandri-

213 2477 301 2537 num,
332 2463 463 2539 strom,
496 2485 527 2546 p.
545 2465 607 2526 716
636 2466 738 2547 sylla,
771 2471 1007 2544 repraesentata
1034 2465 1087 2525 illa
1117 2473 1148 2526 et
1175 2471 1303 2526 tractata
1331 2483 1351 2524 a

212 2565 383 2639 Meinekio,
405 2567 550 2626 Menand.
573 2573 604 2627 et
625 2565 703 2626 Phil.
725 2565 837 2644 Reliq.,
860 2565 959 2644 p.5l‚
986 2566 1107 2647 Fragm.
1130 2563 1218 2628 Com.
1241 2566 1352 2628 Graec.

213 2664 283 2727 Vel.
299 2667 351 2739 lv,
378 2684 410 2744 p.
430 2666 508 2728 108:

371 2783 424 2814 '-
447 2772 479 2833 οἱ
500 2769 535 2834 δὲ
556 2761 620 2848 τήν
642 2761 753 2850 ὀσφύν
774 2763 881 2851 αἰιραν

327 2869 382 2934 καὶ
406 2865 470 2951 τὴν
490 2863 591 2958 χολὴν
614 2868 696 2934 ὀστᾶ
720 2863 747 2933 τ’
771 2865 908 2956 ἄβρωτα
930 2871 994 2935 σου
1017 2877 1112 2944 θοοῖς

328 2969 506 3042 ἐπιθέντες
527 2967 624 3034 αὐτοὶ
644 2963 751 3036 τᾶλλα
773 2970 1017 3048 καταπίνουσι,

215 3068 268 3130 ubi
282 3060 387 3155 ὀσφύς
401 3065 485 3154 ἄκρα
503 3080 642 3148 vocatur,
664 3073 736 3149 vidi,
751 3075 833 3136 haee
843 3094 913 3136 enm
923 3074 982 3135 illis
1001 3091 1071 3136 esse
1089 3077 1307 3155 componenda
1322 3085 1357 3137 et

215 3173 308 3235 scribi
324 3190 434 3253 pesse:
456 3169 547 3259 χᾶρί
566 3172 588 3238 ἅ
597 3198 700 3260 ιιραν
720 3173 749 3240 ο’.
781 3177 884 3250 Quam
901 3178 1001 3259 ipsam
1017 3177 1228 3258 conjecturam
1238 3175 1356 3237 Carolo

214 3274 351 3352 Reisigio
374 3293 437 3334 non
463 3275 530 3336 sine
552 3294 667 3358 magno
691 3278 805 3357 gaudio
832 3287 905 3360 poet
930 3277 1069 3340 intellexi
1096 3295 1136 3336 ex
1158 3277 1273 3334 eodem
1298 3267 1358 3338 ille

215 3373 301 3435 fonte
324 3373 488 3437 subnatam
510 3396 590 3439 esse.
633 3377 724 3439 Addo
747 3379 880 3439 alterum
901 3379 1020 3450 loenm,
1044 3394 1106 3455 qno
1123 3373 1230 3436 itidem
1248 3367 1359 3456 ὀσσύς

214 3471 298 3557 ἄκρα
322 3485 601 3555 commemoratur,
619 3499 644 3541 a
659 3479 796 3562 Reisigio
819 3501 883 3543 non
906 3479 1048 3554 allatum,
1072 3496 1261 3560 quamquam
1284 3498 1356 3542 enm

214 3578 285 3642 loco
301 3582 468 3666 Aeschylio
491 3603 555 3646 non
578 3592 641 3646 tam
659 3589 744 3645 arete
763 3592 811 3646 est
827 3582 1063 3667 componendus
1081 3599 1175 3662 quam
1191 3581 1356 3643 Menandri

121 3711 125 3720 ·
215 3680 278 3743 ille.
320 3686 501 3749 Herodotus
524 3689 606 3750 enim
630 3685 668 3749 de
686 3687 846 3772 Aegyptiis
869 3685 950 3749 haec
971 3685 1070 3747 refert
1089 3683 1127 3757 11,
1143 3685 1201 3746 ta:
1223 3677 1357 3749 Ἐποιὶν

217 3785 487 3868 προνηστεύσοισι
510 3790 554 3876 τῇ
576 3787 643 3856 Ἴσι
665 3792 721 3856 καὶ
748 3788 988 3866 κατεύξανται,
1017 3782 1143 3853 θύουσι
1167 3777 1228 3851 τὸν
1247 3784 1353 3869 βοῦν·

217 3887 270 3954 καὶ
299 3880 539 3968 ἀποδείραντες
566 3892 696 3974 ιιοιλιήυ
728 3893 795 3972 μὲν
825 3884 940 3970 ποινήν
969 3885 1085 3952 πᾶσαν
1116 3891 1150 3964 ἐξ
1174 3879 1222 3953 οἷν
1253 3885 1355 3965 εἷλον,

218 3983 392 4074 σπλάγχνα
412 3988 450 4054 δὲ
469 3986 577 4058 αὐτοῦ
598 3993 750 4060 λείπουσι
771 3993 808 4056 dv
825 3988 869 4076 τῷ
886 3985 1016 4072 σώμασι
1037 3987 1092 4056 οιαὶ
1111 3980 1176 4071 τήν
1194 3983 1355 4072 πιμελήν,

218 4089 333 4156 σκέλεα
351 4086 387 4154 dl
405 4082 643 4170 ἀποτάμνουσι
663 4093 716 4158 uel
736 4086 799 4175 τὴν
819 4083 928 4174 ὀσφῦν
946 4085 1052 4174 ἇιιρην
1069 4089 1126 4157 καὶ
1144 4083 1228 4164 τούς
1243 4085 1355 4172 ὥρισας

219 4217 257 4259 τι
278 4189 333 4260 καὶ
355 4182 416 4258 τὸν
436 4183 613 4277 τράχηλον.
663 4192 781 4260 Ταῦτα
805 4191 841 4260 δὲ
863 4186 1066 4276 ποιήσαντος
1087 4191 1125 4260 ed
1151 4189 1233 4260 ἄλλο
1259 4189 1353 4273 σῶμα
