2910 4654
662 108 875 172 -82'-

277 275 351 344 Ἠν
378 267 406 344 ri
426 272 571 362 ἡγῶνται
593 278 628 343 σὲ
650 272 755 354 θεόν,
777 279 813 345 σὲ
836 276 938 362 βίον,
964 278 1000 342 οὲ
1021 274 1056 342 δὲ
1083 276 1168 358 Γῆν,
1189 278 1226 342 cl
1247 273 1341 359 Κρό-

944 399 1030 453 νον,
1054 379 1090 442 σὲ
1112 375 1278 456 Ποσειδῶ,

283 475 385 566 ἆγᾶθ’
407 479 556 550 αὐτοῖσιν
578 475 693 546 πάντα
715 480 887 565 παρέσται,

197 581 403 646 clarissimum
425 589 483 645 est.
527 581 653 663 Quippe
680 600 783 661 neque
808 581 907 643 verba
929 582 965 647 oi
989 573 1074 646 θεὸν
1102 578 1179 643 lerri
1209 589 1343 662 possunt

167 727 171 734 ,
197 685 243 748 sic
264 686 334 747 solu
355 705 413 766 per
445 703 480 746 sc
515 685 635 767 posita,
668 705 765 766 quum
797 685 873 748 certi
904 683 1065 768 cujusdam
1099 683 1151 746 dei
1181 683 1342 746 mentione

199 804 279 867 opus
303 785 363 862 sit,
385 804 487 867 neque
508 805 585 850 vero
608 786 764 850 vocabula
787 791 822 853 ot
842 787 943 871 βίον,
966 802 1047 866 quae
1070 803 1111 848 nc
1133 804 1191 866 per
1213 785 1341 864 sequi-

199 888 272 948 dem
300 887 471 952 admodum
492 889 632 970 placent,
664 896 749 954 stam
770 891 802 953 iu
830 891 892 953 hac
923 886 1102 964 sententie,
1137 907 1233 969 quum
1264 889 1341 950 deus

199 989 312 1071 aliquis
334 989 514 1055 nominatus
537 991 578 1054 sit
600 999 755 1073 oporteat
798 994 889 1069 Quae
919 1010 1013 1074 quum
1037 989 1082 1052 ita
1102 989 1175 1064 sint,
1200 997 1341 1070 apparel,

197 1089 302 1153 locum
323 1092 368 1155 ita
390 1093 619 1157 emendandum
642 1115 727 1173 esse,
757 1104 792 1160 ut
812 1094 1002 1160 vocabulum
1024 1086 1109 1162 θεὸν
1138 1093 1178 1154 ad
1201 1111 1340 1173 sequen-

198 1191 243 1254 tia
271 1197 307 1260 cl
325 1195 406 1280 βίον
428 1197 572 1260 trahatur
594 1218 694 1282 coque
716 1201 762 1264 sic
792 1205 965 1275 mutentur,
998 1204 1033 1260 ut
1054 1196 1104 1259 dei
1126 1195 1257 1279 alicujus
1280 1213 1339 1256 ex-

197 1293 327 1360 hibeant
343 1317 470 1362 nomen,
513 1302 583 1364 Non
604 1303 715 1365 dubito
738 1302 895 1384 equidem,
915 1300 991 1382 quin
1007 1299 1168 1381 scripserit
1183 1297 1340 1362 Comicus=

278 1395 353 1469 'Ha
375 1397 405 1467 δ’
424 1396 569 1490 ἡγῶνται
594 1407 630 1472 σὲ
652 1400 740 1472 θεὸν
763 1400 908 1490 Σάβιον,
930 1407 966 1468 σὲ
987 1400 1022 1468 ct
1048 1401 1119 1485 Γῆν
1140 1407 1212 1464 cett.

197 1502 306 1566 Dicam
327 1504 461 1585 primum
482 1505 522 1568 de
544 1525 625 1568 voce
649 1500 793 1592 Σᾶβιον.
833 1506 919 1568 luter
951 1515 1063 1565 omnes
1096 1508 1237 1577 constat,
1274 1501 1338 1582 Σᾳ·

197 1596 317 1684 stridor
349 1605 483 1662 eundem
516 1606 580 1662 dici
616 1604 745 1686 Σάβον.
795 1608 835 1662 lt
865 1606 922 1662 illa
949 1604 1051 1661 forma
1085 1602 1189 1664 adhue
1220 1603 1338 1683 ignota.

127 1733 132 1742 ·
197 1702 420 1764 Verumtamen
451 1703 561 1783 quidni
580 1720 621 1764 ea
654 1720 756 1783 aeque
784 1702 866 1765 beno
898 1700 1044 1782 usurpari
1081 1699 1222 1781 potnerit
1250 1703 1339 1785 juxta

197 1804 334 1866 formam
366 1798 501 1888 Σάβας,
531 1812 625 1887 atque
654 1825 683 1868 v.
706 1825 732 1867 c.
760 1799 908 1890 Βάκχιος
936 1804 1027 1886 juxta
1059 1797 1220 1889 Βάκχοςῖ
1277 1807 1338 1868 Sed

198 1928 273 1972 ecce
295 1907 352 1972 tibi
371 1909 467 1971 etiam
483 1907 582 1970 'aliam
600 1907 779 1990 analogiam
796 1925 927 1987 eamque
946 1905 1058 1968 forsan
1075 1906 1240 1986 aptiorem.
1269 1910 1338 1974 Nc·-

197 2022 264 2077 tnm
285 2020 334 2075 cst
350 2010 572 2094 epiphtliegme
586 2011 750 2094 myrtinum
772 2017 805 2072 et
824 2009 1017 2084 bacchicam¹
1029 2000 1117 2074 Educ
1131 2009 1249 2094 Σαβοῖ.
1292 2015 1338 2076 Ex

197 2133 278 2178 voce
295 2107 385 2181 Εὖοῖ
401 2113 507 2176 fiotum
524 2119 572 2178 est
592 2131 770 2194 cognomen
786 2113 838 2174 vel
858 2130 974 2173 nomen
990 2110 1106 2172 Bacchi
1127 2106 1339 2198 Ev'rcceipse

199 2217 277 2279 deus
296 2221 445 2295 tanquam
467 2214 595 2278 nominc
616 2215 941 2298 proprio-appellatur
959 2209 1068 2286 Εὔιος
1085 2211 1176 2291 θεός,
1199 2215 1255 2278 cfr.
1270 2219 1338 2280 Lo-

198 2317 290 2380 beolr.
323 2316 479 2400 Aglaoph.
513 2318 547 2378 Τ.
565 2316 587 2380 Ι.
609 2337 641 2398 pr
657 2318 720 2379 646
740 2337 805 2398 sq.,
839 2319 874 2378 Τ.
896 2317 932 2380 11.
962 2337 992 2398 p.
1013 2315 1178 2404 10411111·
1223 2318 1337 2392 Quidni

198 2419 320 2484 licuerit
340 2427 495 2497 statuere,
528 2427 569 2482 ex
595 2419 826 2502 epiphtegmate
850 2420 959 2504 Σαβοῐ
984 2420 1151 2482 formatum
1175 2440 1245 2484 esse
1269 2418 1338 2488 Σά-

198 2527 276 2606 flacc
297 2529 330 2586 et
351 2523 462 2598 deum,
492 2521 635 2592 similiter
657 2529 752 2604 atque
771 2521 945 2588 vocabatur
966 2516 1074 2595 Εὔιος
1094 2515 1209 2598 darie,
1223 2521 1338 2602 appel-

199 2627 298 2689 latum
319 2643 389 2686 esse
412 2618 497 2689 θεὸν
520 2619 652 2709 Σάβιον
669 2624 735 2688 sive
754 2626 820 2708 jam
843 2632 936 2688 antea
958 2624 999 2687 ab
1022 2621 1092 2689 aliis
1114 2623 1181 2688 sive
1204 2623 1245 2685 ab
1264 2623 1340 2686 dri-

199 2729 355 2813 stophane
378 2726 502 2808 primo?
547 2725 639 2800 Quod
669 2746 746 2792 vero
770 2729 879 2792 atn‘net
911 2727 952 2790 ad
974 2727 1155 2792 facilitatem
1187 2725 1340 2791 mutatic-

199 2830 266 2906 nis,
299 2828 420 2898 nullum
442 2828 526 2892 aliud
548 2836 672 2892 exstare
694 2829 747 2892 dci
769 2849 903 2907 nomon,
926 2831 1013 2911 quod
1035 2837 1099 2892 tam
1120 2849 1221 2911 propo
1243 2849 1340 2893 arce-

178 2923 255 3018 'dut
275 2933 317 2996 ad
346 2938 464 2995 tractus
497 2930 676 3008 literarum,
709 2933 819 3013 quales
847 2932 990 2996 inlibris
1020 2951 1112 2996 mser.
1134 2931 1340 3014 reperiuntur,

199 3041 286 3098 certa
307 3053 358 3099 res
381 3043 436 3100 est.
465 3035 619 3117 Denique,
640 3037 701 3099 nisi
717 3057 793 3100 mea
815 3057 866 3100 me
887 3037 968 3102 sallit
989 3037 1107 3119 opinio,
1128 3035 1243 3104 nullius
1261 3035 1340 3100 alins

199 3139 250 3204 dci
272 3139 529 3204 commemoratio
553 3139 665 3202 melius
687 3140 821 3221 quadrat
842 3141 875 3202 in
903 3141 987 3205 hunc
1016 3140 1141 3204 loeumz
1172 3138 1339 3206 sebazium

199 3244 282 3306 enim
303 3243 405 3306 solem
427 3243 566 3306 habitum
590 3261 661 3306 csse
690 3250 814 3306 constat
844 3263 885 3306 ex
904 3242 1061 3308 Macrobii
1090 3245 1214 3308 Satrico.
1234 3243 1258 3318 l,
1281 3243 1338 3317 18;

198 3344 285 3427 quod
305 3363 383 3407 vero
407 3345 533 3407 aliunde
556 3347 713 3426 cognitum
734 3347 898 3422 habemus,
941 3345 1109 3408 Sahaziom
1129 3343 1190 3425 ipsi
1211 3344 1338 3410 Aristo-

196 3446 496 3528 phanivilissimam
518 3453 551 3508 et
572 3449 848 3511 contemtissimum
869 3466 964 3510 unum
992 3447 1091 3510 luisse
1112 3447 1224 3523 deum,
1255 3447 1337 3512 adeo

196 3556 231 3615 ut
254 3547 342 3630 apud
372 3567 443 3610 eum
473 3547 640 3612 Sabazinm
674 3558 706 3613 et
740 3549 894 3632 quosdam
927 3548 1009 3613 alios
1042 3547 1121 3616 deos
1153 3550 1337 3634 peregrinos

193 3651 349 3733 judicatos
373 3671 390 3713 e
413 3652 536 3716 civitate
559 3651 628 3735 ejici
656 3653 788 3716 relatum
812 3655 854 3716 sit
881 3672 900 3716 a
922 3651 1075 3718 Cicerone
1095 3651 1169 3716 libri
1191 3651 1232 3716 dc
1253 3652 1337 3733 legi-

194 3754 255 3814 bus
275 3754 311 3816 11.
326 3799 328 3804 .
345 3773 413 3836 cap.
435 3755 484 3831 15,
507 3789 550 3814 -.-
571 3753 732 3817 Comicum
759 3777 824 3820 non
856 3757 1011 3829 voluisse,
1044 3762 1079 3816 ut
1107 3756 1134 3817 is
1165 3773 1231 3818 nou
1253 3760 1339 3817 essct

194 3853 277 3928 inter
296 3853 376 3917 deos
398 3858 439 3918 ab
461 3855 572 3920 ambus
592 3867 867 3938 repraesentatos,
890 3864 1022 3942 apparel
1043 3877 1084 3921 ex
1105 3860 1158 3922 Vs.
1172 3858 1261 3940 2875,
1283 3857 1338 3920 ubi

195 3955 355 4041 φρυγίλος
376 3952 548 4042 Σαβάζιος
567 3968 845 4024 commemoratur.
865 3995 909 4010 -
939 3963 1009 4024 lum
1035 3979 1128 4040 vcro,
1161 3966 1197 4026 ut
1216 3959 1338 4024 redca-

194 4076 278 4134 mus,
310 4056 394 4122 unde
423 4077 529 4120 snmus
562 4060 646 4137 orsi,
677 4061 897 4142 inquirendum
930 4072 993 4143 est,
1024 4084 1099 4128 num
1120 4064 1174 4128 Vs«
1192 4061 1256 4126 591
1280 4060 1338 4124 di-

192 4164 294 4222 rectus
316 4159 357 4222 sit
378 4158 420 4222 ad
441 4160 601 4244 Upupam,
631 4169 664 4226 nt
685 4164 857 4230 Brunckius
893 4174 924 4229 et
954 4169 1007 4249 qui
1037 4187 1108 4232 cum
1139 4164 1241 4232 secuti
1262 4171 1339 4227 snut
