<?xml version="1.0" encoding="UTF-8"?>
<!DOCTYPE html PUBLIC "-//W3C//DTD XHTML 1.0 Transitional//EN"
    "http://www.w3.org/TR/xhtml1/DTD/xhtml1-transitional.dtd">
<html xmlns="http://www.w3.org/1999/xhtml" xml:lang="en" lang="en">
 <head>
  <title>
</title>
<meta http-equiv="Content-Type" content="text/html;charset=utf-8" />
  <meta name='ocr-system' content='tesseract 3.04.00' />
  <meta name='ocr-capabilities' content='ocr_page ocr_carea ocr_par ocr_line ocrx_word'/>
</head>
<body>
  <div class='ocr_page' id='page_1' title='image "./adversariainaea01wiesgoog_0097.png"; bbox 0 0 2910 4654; ppageno 0'>
   <div class='ocr_carea' id='block_1_1' title="bbox 677 105 927 204">
    <p class='ocr_par' dir='ltr' id='par_1_1' title="bbox 677 105 927 204">
     <span class='ocr_line' id='line_1_1' title="bbox 677 105 927 204; baseline -0.004 -14"><span class='ocrx_word' id='word_1_1' title='bbox 677 105 927 204; x_wconf 51' lang='lat' dir='ltr'>...su-s</span> 
     </span>
    </p>
   </div>
   <div class='ocr_carea' id='block_1_2' title="bbox 134 299 1409 4276">
    <p class='ocr_par' dir='ltr' id='par_1_2' title="bbox 183 299 1361 789">
     <span class='ocr_line' id='line_1_2' title="bbox 264 299 1358 397; baseline -0.009 -17"><span class='ocrx_word' id='word_1_2' title='bbox 264 309 316 380; x_wconf 81' lang='lat' dir='ltr'>Td</span> <span class='ocrx_word' id='word_1_3' title='bbox 327 306 464 397; x_wconf 74' lang='grc' dir='ltr'><strong><em>μέταλλ’</em></strong></span> <span class='ocrx_word' id='word_1_4' title='bbox 479 303 594 384; x_wconf 74' lang='grc' dir='ltr'>αὐτοῖς</span> <span class='ocrx_word' id='word_1_5' title='bbox 609 307 876 394; x_wconf 72' lang='grc' dir='ltr'><strong><em>μαντευομένοις</em></strong></span> <span class='ocrx_word' id='word_1_6' title='bbox 891 299 1005 374; x_wconf 71' lang='grc' dir='ltr'><strong><em>οὗτοι</em></strong></span> <span class='ocrx_word' id='word_1_7' title='bbox 1020 303 1156 372; x_wconf 70' lang='grc' dir='ltr'>δολοονοι</span> <span class='ocrx_word' id='word_1_8' title='bbox 1172 300 1214 371; x_wconf 75' lang='grc' dir='ltr'>τοὶ</span> <span class='ocrx_word' id='word_1_9' title='bbox 1233 306 1358 392; x_wconf 79' lang='grc' dir='ltr'>χρηστοὶ</span> 
     </span>
     <span class='ocr_line' id='line_1_3' title="bbox 256 399 1361 498; baseline -0.007 -19"><span class='ocrx_word' id='word_1_10' title='bbox 256 410 320 487; x_wconf 77' lang='grc' dir='ltr'><strong><em>ταί·</em></strong></span> <span class='ocrx_word' id='word_1_11' title='bbox 330 409 360 481; x_wconf 86' lang='grc' dir='ltr'>τ’</span> <span class='ocrx_word' id='word_1_12' title='bbox 373 411 539 498; x_wconf 80' lang='grc' dir='ltr'><strong><em>ἐμπορίας</em></strong></span> <span class='ocrx_word' id='word_1_13' title='bbox 556 405 617 484; x_wconf 72' lang='grc' dir='ltr'>τοὶς</span> <span class='ocrx_word' id='word_1_14' title='bbox 632 407 806 492; x_wconf 74' lang='grc' dir='ltr'><strong><em>κερδαλέας</em></strong></span> <span class='ocrx_word' id='word_1_15' title='bbox 826 405 909 491; x_wconf 81' lang='lat' dir='ltr'>npdc</span> <span class='ocrx_word' id='word_1_16' title='bbox 923 402 983 475; x_wconf 79' lang='grc' dir='ltr'>τὸν</span> <span class='ocrx_word' id='word_1_17' title='bbox 1002 403 1132 489; x_wconf 73' lang='grc' dir='ltr'><strong><em>μάντιν</em></strong></span> <span class='ocrx_word' id='word_1_18' title='bbox 1146 399 1361 491; x_wconf 76' lang='grc' dir='ltr'><strong><em>κατεροῦσιν,</em></strong></span> 
     </span>
     <span class='ocr_line' id='line_1_4' title="bbox 183 505 974 606; baseline -0.015 -24"><span class='ocrx_word' id='word_1_19' title='bbox 183 545 186 552; x_wconf 93' lang='grc'><em>·</em></span> <span class='ocrx_word' id='word_1_20' title='bbox 258 510 331 588; x_wconf 64' lang='grc' dir='ltr'><strong><em>ὦρτ’</em></strong></span> <span class='ocrx_word' id='word_1_21' title='bbox 353 506 527 582; x_wconf 78' lang='grc' dir='ltr'><strong><em>οἶνιολεῑται</em></strong></span> <span class='ocrx_word' id='word_1_22' title='bbox 547 512 613 578; x_wconf 75' lang='grc' dir='ltr'>τών</span> <span class='ocrx_word' id='word_1_23' title='bbox 636 505 829 606; x_wconf 75' lang='grc' dir='ltr'><strong><em>ναιιιιλὴροιν</em></strong></span> <span class='ocrx_word' id='word_1_24' title='bbox 852 508 974 584; x_wconf 75' lang='grc' dir='ltr'><strong><em>ονἰλαίς.</em></strong></span> 
     </span>
     <span class='ocr_line' id='line_1_5' title="bbox 214 609 970 700; baseline -0.017 -17"><span class='ocrx_word' id='word_1_25' title='bbox 214 619 276 683; x_wconf 79' lang='lat' dir='ltr'>Aut</span> <span class='ocrx_word' id='word_1_26' title='bbox 297 637 358 700; x_wconf 84' lang='lat' dir='ltr'>ego</span> <span class='ocrx_word' id='word_1_27' title='bbox 381 615 496 692; x_wconf 77' lang='lat' dir='ltr'>fallor,</span> <span class='ocrx_word' id='word_1_28' title='bbox 523 619 577 676; x_wconf 91' lang='lat' dir='ltr'>ant</span> <span class='ocrx_word' id='word_1_29' title='bbox 598 613 766 692; x_wconf 80' lang='lat' dir='ltr'>scripserat</span> <span class='ocrx_word' id='word_1_30' title='bbox 786 609 838 674; x_wconf 90' lang='lat' dir='ltr'>bio</span> <span class='ocrx_word' id='word_1_31' title='bbox 860 617 970 691; x_wconf 83' lang='lat' dir='ltr'>pocta:</span> 
     </span>
     <span class='ocr_line' id='line_1_6' title="bbox 257 709 994 789; baseline -0.004 -3"><span class='ocrx_word' id='word_1_32' title='bbox 257 721 427 786; x_wconf 85' lang='grc' dir='ltr'><strong><em>Πλοντιῖν</em></strong></span> <span class='ocrx_word' id='word_1_33' title='bbox 448 717 483 783; x_wconf 77' lang='grc' dir='ltr'>δὲ</span> <span class='ocrx_word' id='word_1_34' title='bbox 505 713 618 782; x_wconf 75' lang='grc' dir='ltr'><strong><em>πόθεν</em></strong></span> <span class='ocrx_word' id='word_1_35' title='bbox 639 714 767 780; x_wconf 78' lang='grc' dir='ltr'><strong><em>δῶσιν</em></strong></span> <span class='ocrx_word' id='word_1_36' title='bbox 788 709 810 780; x_wconf 76' lang='grc' dir='ltr'>οἳ</span> <span class='ocrx_word' id='word_1_37' title='bbox 821 738 841 780; x_wconf 94' lang='grc' dir='ltr'><strong><em>ν</em></strong></span> <span class='ocrx_word' id='word_1_38' title='bbox 863 709 994 789; x_wconf 70' lang='lat' dir='ltr'>aduolet</span> 
     </span>
    </p>

    <p class='ocr_par' dir='ltr' id='par_1_3' title="bbox 211 807 1409 2130">
     <span class='ocr_line' id='line_1_7' title="bbox 213 807 1409 901; baseline -0.009 -17"><span class='ocrx_word' id='word_1_39' title='bbox 213 825 293 898; x_wconf 85' lang='lat' dir='ltr'>Jam,</span> <span class='ocrx_word' id='word_1_40' title='bbox 315 820 402 901; x_wconf 90' lang='lat' dir='ltr'>qnod</span> <span class='ocrx_word' id='word_1_41' title='bbox 423 819 465 880; x_wconf 91' lang='lat' dir='ltr'>ad</span> <span class='ocrx_word' id='word_1_42' title='bbox 482 836 629 882; x_wconf 83' lang='lat' dir='ltr'>versuum</span> <span class='ocrx_word' id='word_1_43' title='bbox 650 816 904 879; x_wconf 71' lang='lat' dir='ltr'>distributionem</span> <span class='ocrx_word' id='word_1_44' title='bbox 926 813 1044 891; x_wconf 89' lang='lat' dir='ltr'>attinet,</span> <span class='ocrx_word' id='word_1_45' title='bbox 1066 832 1129 876; x_wconf 91' lang='lat' dir='ltr'>non</span> <span class='ocrx_word' id='word_1_46' title='bbox 1150 818 1199 876; x_wconf 90' lang='lat' dir='ltr'>est</span> <span class='ocrx_word' id='word_1_47' title='bbox 1218 807 1358 888; x_wconf 90' lang='lat' dir='ltr'>dubium,</span> <span class='ocrx_word' id='word_1_48' title='bbox 1402 854 1409 865; x_wconf 73' lang='lat'>,</span> 
     </span>
     <span class='ocr_line' id='line_1_8' title="bbox 215 915 1357 1014; baseline -0.005 -30"><span class='ocrx_word' id='word_1_49' title='bbox 215 923 291 1004; x_wconf 90' lang='lat' dir='ltr'>quin</span> <span class='ocrx_word' id='word_1_50' title='bbox 312 922 386 984; x_wconf 90' lang='lat' dir='ltr'>inde</span> <span class='ocrx_word' id='word_1_51' title='bbox 413 939 434 984; x_wconf 90' lang='lat' dir='ltr'>a</span> <span class='ocrx_word' id='word_1_52' title='bbox 454 922 509 984; x_wconf 87' lang='lat' dir='ltr'>Vs.</span> <span class='ocrx_word' id='word_1_53' title='bbox 523 922 585 986; x_wconf 81' lang='lat'>597</span> <span class='ocrx_word' id='word_1_54' title='bbox 609 941 674 984; x_wconf 92' lang='lat' dir='ltr'>non</span> <span class='ocrx_word' id='word_1_55' title='bbox 696 919 812 982; x_wconf 86' lang='lat' dir='ltr'>chorus</span> <span class='ocrx_word' id='word_1_56' title='bbox 836 918 927 993; x_wconf 86' lang='lat' dir='ltr'>dicat,</span> <span class='ocrx_word' id='word_1_57' title='bbox 950 916 1008 980; x_wconf 88' lang='lat' dir='ltr'>sed</span> <span class='ocrx_word' id='word_1_58' title='bbox 1020 918 1150 1014; x_wconf 62' lang='lat' dir='ltr'>Jipnpa.</span> <span class='ocrx_word' id='word_1_59' title='bbox 1193 916 1227 976; x_wconf 87' lang='lat' dir='ltr'>ln</span> <span class='ocrx_word' id='word_1_60' title='bbox 1250 915 1357 998; x_wconf 90' lang='lat' dir='ltr'>priore</span> 
     </span>
     <span class='ocr_line' id='line_1_9' title="bbox 213 1018 1356 1105; baseline -0.007 -18"><span class='ocrx_word' id='word_1_61' title='bbox 213 1043 327 1088; x_wconf 81' lang='lat' dir='ltr'><strong>scevae</strong></span> <span class='ocrx_word' id='word_1_62' title='bbox 348 1029 440 1105; x_wconf 86' lang='lat' dir='ltr'>parta</span> <span class='ocrx_word' id='word_1_63' title='bbox 459 1023 529 1088; x_wconf 82' lang='lat' dir='ltr'>ficri</span> <span class='ocrx_word' id='word_1_64' title='bbox 549 1030 656 1105; x_wconf 88' lang='lat' dir='ltr'>potest</span> <span class='ocrx_word' id='word_1_65' title='bbox 674 1023 756 1085; x_wconf 87' lang='lat' dir='ltr'>haec</span> <span class='ocrx_word' id='word_1_66' title='bbox 778 1022 890 1084; x_wconf 89' lang='lat' dir='ltr'>eadem</span> <span class='ocrx_word' id='word_1_67' title='bbox 903 1027 939 1083; x_wconf 89' lang='lat' dir='ltr'>ut</span> <span class='ocrx_word' id='word_1_68' title='bbox 959 1038 998 1082; x_wconf 89' lang='lat' dir='ltr'>ea</span> <span class='ocrx_word' id='word_1_69' title='bbox 1014 1019 1112 1082; x_wconf 86' lang='lat' dir='ltr'>verba</span> <span class='ocrx_word' id='word_1_70' title='bbox 1133 1018 1253 1094; x_wconf 84' lang='lat' dir='ltr'>fecerit,</span> <span class='ocrx_word' id='word_1_71' title='bbox 1275 1035 1356 1098; x_wconf 87' lang='lat' dir='ltr'>qnae</span> 
     </span>
     <span class='ocr_line' id='line_1_10' title="bbox 213 1114 1356 1204; baseline -0.006 -15"><span class='ocrx_word' id='word_1_72' title='bbox 213 1134 287 1190; x_wconf 89' lang='lat' dir='ltr'>snnt</span> <span class='ocrx_word' id='word_1_73' title='bbox 307 1128 362 1191; x_wconf 83' lang='lat' dir='ltr'>Vs.</span> <span class='ocrx_word' id='word_1_74' title='bbox 381 1127 463 1203; x_wconf 75' lang='lat'>5533</span> <span class='ocrx_word' id='word_1_75' title='bbox 491 1127 567 1190; x_wconf 88' lang='lat' dir='ltr'>item</span> <span class='ocrx_word' id='word_1_76' title='bbox 588 1125 655 1188; x_wconf 87' lang='lat' dir='ltr'>veri</span> <span class='ocrx_word' id='word_1_77' title='bbox 676 1132 725 1188; x_wconf 89' lang='lat' dir='ltr'>cst</span> <span class='ocrx_word' id='word_1_78' title='bbox 754 1124 870 1200; x_wconf 89' lang='lat' dir='ltr'>simile,</span> <span class='ocrx_word' id='word_1_79' title='bbox 899 1114 1029 1204; x_wconf 79' lang='lat' dir='ltr'>Upupa&#39;c</span> <span class='ocrx_word' id='word_1_80' title='bbox 1052 1138 1122 1182; x_wconf 86' lang='lat' dir='ltr'>esse</span> <span class='ocrx_word' id='word_1_81' title='bbox 1157 1118 1356 1182; x_wconf 80' lang='lat' dir='ltr'>tribuendam</span> 
     </span>
     <span class='ocr_line' id='line_1_11' title="bbox 213 1221 1356 1310; baseline -0.009 -18"><span class='ocrx_word' id='word_1_82' title='bbox 213 1230 344 1294; x_wconf 89' lang='lat' dir='ltr'>alteram</span> <span class='ocrx_word' id='word_1_83' title='bbox 364 1234 486 1310; x_wconf 88' lang='lat' dir='ltr'>partem</span> <span class='ocrx_word' id='word_1_84' title='bbox 501 1247 609 1292; x_wconf 84' lang='lat' dir='ltr'>versus</span> <span class='ocrx_word' id='word_1_85' title='bbox 631 1229 703 1305; x_wconf 82' lang='lat'>592,</span> <span class='ocrx_word' id='word_1_86' title='bbox 726 1228 767 1289; x_wconf 92' lang='lat' dir='ltr'>de</span> <span class='ocrx_word' id='word_1_87' title='bbox 789 1245 852 1307; x_wconf 89' lang='lat' dir='ltr'>qno</span> <span class='ocrx_word' id='word_1_88' title='bbox 875 1225 979 1288; x_wconf 88' lang='lat' dir='ltr'>statim</span> <span class='ocrx_word' id='word_1_89' title='bbox 994 1230 1067 1305; x_wconf 89' lang='lat' dir='ltr'>post</span> <span class='ocrx_word' id='word_1_90' title='bbox 1087 1221 1197 1303; x_wconf 82' lang='lat' dir='ltr'>paullo</span> <span class='ocrx_word' id='word_1_91' title='bbox 1221 1239 1356 1285; x_wconf 89' lang='lat' dir='ltr'>accura-</span> 
     </span>
     <span class='ocr_line' id='line_1_12' title="bbox 213 1326 1356 1412; baseline -0.01 -16"><span class='ocrx_word' id='word_1_92' title='bbox 213 1333 274 1396; x_wconf 87' lang='lat' dir='ltr'>tius</span> <span class='ocrx_word' id='word_1_93' title='bbox 295 1333 407 1396; x_wconf 88' lang='lat' dir='ltr'>dicam.</span> <span class='ocrx_word' id='word_1_94' title='bbox 451 1332 577 1408; x_wconf 78' lang='lat' dir='ltr'>Cetera,</span> <span class='ocrx_word' id='word_1_95' title='bbox 598 1330 693 1412; x_wconf 80' lang='lat' dir='ltr'>igitur</span> <span class='ocrx_word' id='word_1_96' title='bbox 713 1333 767 1393; x_wconf 91' lang='lat' dir='ltr'>Vs.</span> <span class='ocrx_word' id='word_1_97' title='bbox 788 1330 846 1392; x_wconf 76' lang='lat'>571</span> <span class='ocrx_word' id='word_1_98' title='bbox 871 1347 934 1409; x_wconf 90' lang='lat' dir='ltr'>sq.,</span> <span class='ocrx_word' id='word_1_99' title='bbox 966 1326 1033 1401; x_wconf 80' lang='lat' dir='ltr'>vel,</span> <span class='ocrx_word' id='word_1_100' title='bbox 1062 1327 1089 1387; x_wconf 93' lang='lat' dir='ltr'>si</span> <span class='ocrx_word' id='word_1_101' title='bbox 1110 1344 1187 1388; x_wconf 89' lang='lat' dir='ltr'>vera</span> <span class='ocrx_word' id='word_1_102' title='bbox 1209 1331 1258 1388; x_wconf 81' lang='lat' dir='ltr'>est</span> <span class='ocrx_word' id='word_1_103' title='bbox 1278 1343 1356 1386; x_wconf 90' lang='lat' dir='ltr'>sen-</span> 
     </span>
     <span class='ocr_line' id='line_1_13' title="bbox 211 1429 1357 1516; baseline -0.006 -19"><span class='ocrx_word' id='word_1_104' title='bbox 211 1434 311 1498; x_wconf 87' lang='lat' dir='ltr'>tentia</span> <span class='ocrx_word' id='word_1_105' title='bbox 331 1435 473 1516; x_wconf 80' lang='lat' dir='ltr'>Bergkii,</span> <span class='ocrx_word' id='word_1_106' title='bbox 505 1434 546 1497; x_wconf 86' lang='lat' dir='ltr'>do</span> <span class='ocrx_word' id='word_1_107' title='bbox 567 1451 629 1515; x_wconf 89' lang='lat' dir='ltr'>qna</span> <span class='ocrx_word' id='word_1_108' title='bbox 651 1433 836 1514; x_wconf 85' lang='lat' dir='ltr'>nuperrime.</span> <span class='ocrx_word' id='word_1_109' title='bbox 852 1431 997 1511; x_wconf 79' lang='lat' dir='ltr'>exposuit</span> <span class='ocrx_word' id='word_1_110' title='bbox 1016 1431 1095 1492; x_wconf 83' lang='lat' dir='ltr'>Mus.</span> <span class='ocrx_word' id='word_1_111' title='bbox 1117 1429 1259 1493; x_wconf 82' lang='lat' dir='ltr'>Rhenum</span> <span class='ocrx_word' id='word_1_112' title='bbox 1280 1429 1357 1490; x_wconf 76' lang='lat' dir='ltr'>fasc.</span> 
     </span>
     <span class='ocr_line' id='line_1_14' title="bbox 213 1531 1357 1620; baseline -0.007 -21"><span class='ocrx_word' id='word_1_113' title='bbox 213 1538 238 1599; x_wconf 90' lang='grc' dir='ltr'>Ι.</span> <span class='ocrx_word' id='word_1_114' title='bbox 261 1556 290 1601; x_wconf 90' lang='lat' dir='ltr'>a.</span> <span class='ocrx_word' id='word_1_115' title='bbox 314 1539 397 1602; x_wconf 74' lang='lat'>1842</span> <span class='ocrx_word' id='word_1_116' title='bbox 420 1537 493 1601; x_wconf 80' lang='lat' dir='ltr'>edic</span> <span class='ocrx_word' id='word_1_117' title='bbox 516 1558 547 1620; x_wconf 85' lang='lat' dir='ltr'>p.</span> <span class='ocrx_word' id='word_1_118' title='bbox 568 1538 621 1614; x_wconf 85' lang='lat'>92,</span> <span class='ocrx_word' id='word_1_119' title='bbox 642 1539 697 1601; x_wconf 85' lang='lat' dir='ltr'>Vs.</span> <span class='ocrx_word' id='word_1_120' title='bbox 713 1536 776 1600; x_wconf 80' lang='lat'>577</span> <span class='ocrx_word' id='word_1_121' title='bbox 799 1541 831 1597; x_wconf 92' lang='lat' dir='ltr'>et</span> <span class='ocrx_word' id='word_1_122' title='bbox 852 1551 914 1596; x_wconf 89' lang='lat' dir='ltr'>nna</span> <span class='ocrx_word' id='word_1_123' title='bbox 936 1551 1010 1613; x_wconf 87' lang='lat' dir='ltr'>pare</span> <span class='ocrx_word' id='word_1_124' title='bbox 1032 1549 1141 1594; x_wconf 87' lang='lat' dir='ltr'>versus</span> <span class='ocrx_word' id='word_1_125' title='bbox 1164 1531 1238 1608; x_wconf 81' lang='lat'>578,</span> <span class='ocrx_word' id='word_1_126' title='bbox 1261 1531 1357 1612; x_wconf 87' lang='lat' dir='ltr'>eqni-</span> 
     </span>
     <span class='ocr_line' id='line_1_15' title="bbox 214 1632 1357 1714; baseline -0.005 -14"><span class='ocrx_word' id='word_1_127' title='bbox 214 1639 288 1701; x_wconf 90' lang='lat' dir='ltr'>dem</span> <span class='ocrx_word' id='word_1_128' title='bbox 313 1639 415 1702; x_wconf 90' lang='lat' dir='ltr'>choro</span> <span class='ocrx_word' id='word_1_129' title='bbox 444 1659 514 1702; x_wconf 88' lang='lat' dir='ltr'>esse</span> <span class='ocrx_word' id='word_1_130' title='bbox 546 1639 756 1701; x_wconf 87' lang='lat' dir='ltr'>adscribenda</span> <span class='ocrx_word' id='word_1_131' title='bbox 784 1655 911 1699; x_wconf 89' lang='lat' dir='ltr'>censeo.</span> <span class='ocrx_word' id='word_1_132' title='bbox 953 1635 1098 1714; x_wconf 86' lang='lat' dir='ltr'>Upupam¹</span> <span class='ocrx_word' id='word_1_133' title='bbox 1126 1633 1209 1695; x_wconf 88' lang='lat' dir='ltr'>enim</span> <span class='ocrx_word' id='word_1_134' title='bbox 1241 1632 1357 1695; x_wconf 91' lang='lat' dir='ltr'>bacin</span> 
     </span>
     <span class='ocr_line' id='line_1_16' title="bbox 214 1733 1358 1822; baseline -0.006 -19"><span class='ocrx_word' id='word_1_135' title='bbox 214 1759 325 1817; x_wconf 89' lang='lat' dir='ltr'>scena,</span> <span class='ocrx_word' id='word_1_136' title='bbox 349 1761 442 1822; x_wconf 88' lang='lat' dir='ltr'>quum</span> <span class='ocrx_word' id='word_1_137' title='bbox 465 1741 505 1802; x_wconf 87' lang='lat' dir='ltr'>de</span> <span class='ocrx_word' id='word_1_138' title='bbox 527 1740 637 1803; x_wconf 87' lang='lat' dir='ltr'>aribus</span> <span class='ocrx_word' id='word_1_139' title='bbox 668 1739 700 1800; x_wconf 90' lang='lat' dir='ltr'>in</span> <span class='ocrx_word' id='word_1_140' title='bbox 727 1739 906 1801; x_wconf 87' lang='lat' dir='ltr'>universnm</span> <span class='ocrx_word' id='word_1_141' title='bbox 937 1735 989 1798; x_wconf 84' lang='lat' dir='ltr'>vel</span> <span class='ocrx_word' id='word_1_142' title='bbox 1014 1735 1056 1796; x_wconf 91' lang='lat' dir='ltr'>de</span> <span class='ocrx_word' id='word_1_143' title='bbox 1079 1734 1179 1797; x_wconf 88' lang='lat' dir='ltr'>choro</span> <span class='ocrx_word' id='word_1_144' title='bbox 1208 1733 1358 1813; x_wconf 89' lang='lat' dir='ltr'>loquitur,</span> 
     </span>
     <span class='ocr_line' id='line_1_17' title="bbox 213 1835 1357 1924; baseline -0.008 -18"><span class='ocrx_word' id='word_1_145' title='bbox 213 1845 316 1924; x_wconf 87' lang='lat' dir='ltr'>primu</span> <span class='ocrx_word' id='word_1_146' title='bbox 338 1843 383 1907; x_wconf 93' lang='lat' dir='ltr'>nti</span> <span class='ocrx_word' id='word_1_147' title='bbox 405 1860 561 1924; x_wconf 88' lang='lat' dir='ltr'>persona,</span> <span class='ocrx_word' id='word_1_148' title='bbox 587 1842 670 1924; x_wconf 88' lang='lat' dir='ltr'>jam,</span> <span class='ocrx_word' id='word_1_149' title='bbox 693 1840 865 1902; x_wconf 87' lang='lat' dir='ltr'>secundnm</span> <span class='ocrx_word' id='word_1_150' title='bbox 887 1857 944 1916; x_wconf 89' lang='lat' dir='ltr'>ea,</span> <span class='ocrx_word' id='word_1_151' title='bbox 967 1855 1048 1916; x_wconf 86' lang='lat' dir='ltr'>quac</span> <span class='ocrx_word' id='word_1_152' title='bbox 1070 1835 1296 1916; x_wconf 81' lang='lat' dir='ltr'>disputavimus</span> <span class='ocrx_word' id='word_1_153' title='bbox 1320 1836 1357 1898; x_wconf 92' lang='lat' dir='ltr'>de</span> 
     </span>
     <span class='ocr_line' id='line_1_18' title="bbox 213 1921 1357 2021; baseline -0.005 -15"><span class='ocrx_word' id='word_1_154' title='bbox 213 1945 268 2006; x_wconf 88' lang='lat' dir='ltr'>Vs.</span> <span class='ocrx_word' id='word_1_155' title='bbox 287 1921 486 2021; x_wconf 60' lang='lat' dir='ltr'>597,⁸etiam</span> <span class='ocrx_word' id='word_1_156' title='bbox 516 1941 617 2004; x_wconf 88' lang='lat' dir='ltr'>minus</span> <span class='ocrx_word' id='word_1_157' title='bbox 652 1940 803 2003; x_wconf 84' lang='lat' dir='ltr'>credibile</span> <span class='ocrx_word' id='word_1_158' title='bbox 835 1946 892 2002; x_wconf 83' lang='lat' dir='ltr'>est</span> <span class='ocrx_word' id='word_1_159' title='bbox 944 1939 1062 2014; x_wconf 89' lang='lat' dir='ltr'>Porro,</span> <span class='ocrx_word' id='word_1_160' title='bbox 1096 1955 1136 1998; x_wconf 89' lang='lat' dir='ltr'>nc</span> <span class='ocrx_word' id='word_1_161' title='bbox 1165 1937 1234 2017; x_wconf 89' lang='lat' dir='ltr'>quis</span> <span class='ocrx_word' id='word_1_162' title='bbox 1265 1939 1357 2000; x_wconf 90' lang='lat' dir='ltr'>nobis</span> 
     </span>
     <span class='ocr_line' id='line_1_19' title="bbox 215 2041 880 2130; baseline -0.009 -22"><span class='ocrx_word' id='word_1_163' title='bbox 215 2045 365 2130; x_wconf 86' lang='lat' dir='ltr'>objiciat,</span> <span class='ocrx_word' id='word_1_164' title='bbox 386 2043 572 2126; x_wconf 81' lang='lat' dir='ltr'>Euelpidem</span> <span class='ocrx_word' id='word_1_165' title='bbox 593 2041 698 2106; x_wconf 87' lang='lat' dir='ltr'>tamen</span> <span class='ocrx_word' id='word_1_166' title='bbox 727 2044 779 2105; x_wconf 85' lang='lat' dir='ltr'>Vs.</span> <span class='ocrx_word' id='word_1_167' title='bbox 802 2042 880 2106; x_wconf 83' lang='lat'><strong>598:</strong></span> 
     </span>
    </p>

    <p class='ocr_par' dir='ltr' id='par_1_4' title="bbox 298 2133 1357 2234">
     <span class='ocr_line' id='line_1_20' title="bbox 298 2133 1357 2234; baseline -0.005 -19"><span class='ocrx_word' id='word_1_168' title='bbox 298 2150 426 2234; x_wconf 77' lang='grc' dir='ltr'>γαῦλον</span> <span class='ocrx_word' id='word_1_169' title='bbox 448 2148 578 2230; x_wconf 80' lang='grc' dir='ltr'><strong><em>κτῶμαι</em></strong></span> <span class='ocrx_word' id='word_1_170' title='bbox 611 2146 666 2213; x_wconf 70' lang='grc' dir='ltr'>ναὶ</span> <span class='ocrx_word' id='word_1_171' title='bbox 685 2145 875 2230; x_wconf 76' lang='grc' dir='ltr'><strong><em>ναυκληρῶ,</em></strong></span> <span class='ocrx_word' id='word_1_172' title='bbox 909 2133 990 2211; x_wconf 76' lang='lat' dir='ltr'>uarie</span> <span class='ocrx_word' id='word_1_173' title='bbox 1016 2137 1061 2210; x_wconf 75' lang='grc' dir='ltr'>ἂν</span> <span class='ocrx_word' id='word_1_174' title='bbox 1083 2143 1238 2229; x_wconf 72' lang='grc' dir='ltr'>μείναιμι</span> <span class='ocrx_word' id='word_1_175' title='bbox 1270 2141 1357 2231; x_wconf 81' lang='grc' dir='ltr'><strong><em>παρ’</em></strong></span> 
     </span>
    </p>

    <p class='ocr_par' dir='ltr' id='par_1_5' title="bbox 1113 2270 1229 2328">
     <span class='ocr_line' id='line_1_21' title="bbox 1113 2270 1229 2328; baseline -0.034 -14"><span class='ocrx_word' id='word_1_176' title='bbox 1113 2273 1137 2314; x_wconf 87' lang='grc' dir='ltr'><strong><em>ν</em></strong></span> <span class='ocrx_word' id='word_1_177' title='bbox 1144 2270 1229 2328; x_wconf 87' lang='grc' dir='ltr'><strong><em>μιν,</em></strong></span> 
     </span>
    </p>

    <p class='ocr_par' dir='ltr' id='par_1_6' title="bbox 134 2348 1357 2639">
     <span class='ocr_line' id='line_1_22' title="bbox 134 2348 1357 2437; baseline -0.002 -20"><span class='ocrx_word' id='word_1_178' title='bbox 134 2431 136 2436; x_wconf 23' lang='grc' dir='ltr'>Ι</span> <span class='ocrx_word' id='word_1_179' title='bbox 213 2355 259 2418; x_wconf 93' lang='lat' dir='ltr'>ita</span> <span class='ocrx_word' id='word_1_180' title='bbox 280 2350 504 2429; x_wconf 90' lang='lat' dir='ltr'>sermocinari,</span> <span class='ocrx_word' id='word_1_181' title='bbox 536 2358 572 2414; x_wconf 91' lang='lat' dir='ltr'>nt</span> <span class='ocrx_word' id='word_1_182' title='bbox 597 2351 741 2433; x_wconf 89' lang='lat' dir='ltr'>Upupam</span> <span class='ocrx_word' id='word_1_183' title='bbox 771 2356 803 2412; x_wconf 91' lang='lat' dir='ltr'>et</span> <span class='ocrx_word' id='word_1_184' title='bbox 831 2348 1026 2412; x_wconf 86' lang='lat' dir='ltr'>chorum-in</span> <span class='ocrx_word' id='word_1_185' title='bbox 1055 2369 1150 2414; x_wconf 91' lang='lat' dir='ltr'>unum</span> <span class='ocrx_word' id='word_1_186' title='bbox 1178 2354 1357 2437; x_wconf 79' lang='lat' dir='ltr'>conjungat,</span> 
     </span>
     <span class='ocr_line' id='line_1_23' title="bbox 213 2447 1356 2538; baseline -0.001 -18"><span class='ocrx_word' id='word_1_187' title='bbox 213 2476 351 2535; x_wconf 89' lang='lat' dir='ltr'>moneo,</span> <span class='ocrx_word' id='word_1_188' title='bbox 381 2457 461 2520; x_wconf 93' lang='lat' dir='ltr'>illud</span> <span class='ocrx_word' id='word_1_189' title='bbox 492 2447 579 2536; x_wconf 74' lang='grc' dir='ltr'><strong><em>ὗμιν</em></strong></span> <span class='ocrx_word' id='word_1_190' title='bbox 601 2457 718 2538; x_wconf 92' lang='lat' dir='ltr'>optimo</span> <span class='ocrx_word' id='word_1_191' title='bbox 741 2455 784 2518; x_wconf 90' lang='lat' dir='ltr'>ad</span> <span class='ocrx_word' id='word_1_192' title='bbox 812 2455 955 2536; x_wconf 89' lang='lat' dir='ltr'>Upnpam</span> <span class='ocrx_word' id='word_1_193' title='bbox 990 2461 1021 2517; x_wconf 88' lang='lat' dir='ltr'>et</span> <span class='ocrx_word' id='word_1_194' title='bbox 1052 2455 1282 2519; x_wconf 86' lang='lat' dir='ltr'>Pisthetacrnm</span> <span class='ocrx_word' id='word_1_195' title='bbox 1302 2475 1356 2520; x_wconf 91' lang='lat' dir='ltr'>re-</span> 
     </span>
     <span class='ocr_line' id='line_1_24' title="bbox 214 2557 647 2639; baseline -0.005 -19"><span class='ocrx_word' id='word_1_196' title='bbox 214 2559 290 2621; x_wconf 78' lang='lat' dir='ltr'>terri</span> <span class='ocrx_word' id='word_1_197' title='bbox 311 2577 420 2639; x_wconf 88' lang='lat' dir='ltr'>posse,</span> <span class='ocrx_word' id='word_1_198' title='bbox 444 2563 474 2620; x_wconf 86' lang='lat' dir='ltr'>et</span> <span class='ocrx_word' id='word_1_199' title='bbox 495 2557 553 2619; x_wconf 73' lang='lat' dir='ltr'>Vs.</span> <span class='ocrx_word' id='word_1_200' title='bbox 569 2557 647 2620; x_wconf 82' lang='lat'>610:</span> 
     </span>
    </p>

    <p class='ocr_par' dir='ltr' id='par_1_7' title="bbox 302 2647 1359 2746">
     <span class='ocr_line' id='line_1_25' title="bbox 302 2647 1359 2746; baseline 0.003 -22"><span class='ocrx_word' id='word_1_201' title='bbox 302 2662 414 2745; x_wconf 78' lang='grc' dir='ltr'><strong><em>αἰβοῖ,</em></strong></span> <span class='ocrx_word' id='word_1_202' title='bbox 458 2651 502 2733; x_wconf 72' lang='lat' dir='ltr'>cic</span> <span class='ocrx_word' id='word_1_203' title='bbox 540 2657 652 2746; x_wconf 78' lang='grc' dir='ltr'><strong><em>πολλῷ</em></strong></span> <span class='ocrx_word' id='word_1_204' title='bbox 691 2656 861 2743; x_wconf 75' lang='grc' dir='ltr'><strong><em>κρείττονι</em></strong></span> <span class='ocrx_word' id='word_1_205' title='bbox 902 2647 1018 2726; x_wconf 75' lang='grc' dir='ltr'><strong><em>οὗτοι</em></strong></span> <span class='ocrx_word' id='word_1_206' title='bbox 1065 2659 1127 2725; x_wconf 76' lang='lat' dir='ltr'>rod</span> <span class='ocrx_word' id='word_1_207' title='bbox 1166 2655 1245 2735; x_wconf 75' lang='grc' dir='ltr'><strong><em>Διὸς</em></strong></span> <span class='ocrx_word' id='word_1_208' title='bbox 1276 2653 1359 2742; x_wconf 76' lang='grc' dir='ltr'><strong><em>ἡμῖν</em></strong></span> 
     </span>
    </p>

    <p class='ocr_par' dir='ltr' id='par_1_8' title="bbox 1027 2753 1233 2844">
     <span class='ocr_line' id='line_1_26' title="bbox 1027 2753 1233 2844; baseline 0 -17"><span class='ocrx_word' id='word_1_209' title='bbox 1027 2753 1233 2844; x_wconf 75' lang='grc' dir='ltr'><strong><em>βασιλεύειν,</em></strong></span> 
     </span>
    </p>

    <p class='ocr_par' dir='ltr' id='par_1_9' title="bbox 195 2861 1365 4276">
     <span class='ocr_line' id='line_1_27' title="bbox 214 2861 1360 2946; baseline -0.002 -20"><span class='ocrx_word' id='word_1_210' title='bbox 214 2861 401 2946; x_wconf 87' lang='lat' dir='ltr'>Euelpidem</span> <span class='ocrx_word' id='word_1_211' title='bbox 424 2861 514 2926; x_wconf 83' lang='lat' dir='ltr'>solas</span> <span class='ocrx_word' id='word_1_212' title='bbox 540 2864 645 2927; x_wconf 89' lang='lat' dir='ltr'>dicere</span> <span class='ocrx_word' id='word_1_213' title='bbox 667 2864 768 2928; x_wconf 87' lang='lat' dir='ltr'>videri</span> <span class='ocrx_word' id='word_1_214' title='bbox 804 2882 895 2941; x_wconf 84' lang='lat' dir='ltr'>aves,</span> <span class='ocrx_word' id='word_1_215' title='bbox 928 2883 968 2926; x_wconf 86' lang='lat' dir='ltr'>ox</span> <span class='ocrx_word' id='word_1_216' title='bbox 998 2867 1111 2946; x_wconf 88' lang='lat' dir='ltr'>quibos</span> <span class='ocrx_word' id='word_1_217' title='bbox 1134 2865 1251 2934; x_wconf 85' lang='lat' dir='ltr'>chorus</span> <span class='ocrx_word' id='word_1_218' title='bbox 1281 2882 1360 2925; x_wconf 91' lang='lat' dir='ltr'>con-</span> 
     </span>
     <span class='ocr_line' id='line_1_28' title="bbox 214 2965 1359 3049; baseline -0.004 -18"><span class='ocrx_word' id='word_1_219' title='bbox 214 2973 286 3043; x_wconf 82' lang='lat' dir='ltr'>stat,</span> <span class='ocrx_word' id='word_1_220' title='bbox 309 2973 345 3028; x_wconf 88' lang='lat' dir='ltr'>ut</span> <span class='ocrx_word' id='word_1_221' title='bbox 363 2966 505 3049; x_wconf 86' lang='lat' dir='ltr'>Upupam</span> <span class='ocrx_word' id='word_1_222' title='bbox 526 2965 577 3029; x_wconf 92' lang='lat' dir='ltr'>his</span> <span class='ocrx_word' id='word_1_223' title='bbox 599 2985 664 3028; x_wconf 92' lang='lat' dir='ltr'>non</span> <span class='ocrx_word' id='word_1_224' title='bbox 684 2967 872 3042; x_wconf 81' lang='lat' dir='ltr'>immisceat,</span> <span class='ocrx_word' id='word_1_225' title='bbox 895 2983 996 3046; x_wconf 88' lang='lat' dir='ltr'>acque</span> <span class='ocrx_word' id='word_1_226' title='bbox 1017 2973 1112 3048; x_wconf 88' lang='lat' dir='ltr'>atque</span> <span class='ocrx_word' id='word_1_227' title='bbox 1132 2967 1359 3030; x_wconf 88' lang='lat' dir='ltr'>Pistbetaernm</span> 
     </span>
     <span class='ocr_line' id='line_1_29' title="bbox 195 3067 1360 3151; baseline -0.002 -21"><span class='ocrx_word' id='word_1_228' title='bbox 195 3068 325 3130; x_wconf 80' lang='lat' dir='ltr'>¹facere</span> <span class='ocrx_word' id='word_1_229' title='bbox 355 3067 545 3132; x_wconf 89' lang='lat' dir='ltr'>monuimus.</span> <span class='ocrx_word' id='word_1_230' title='bbox 587 3070 730 3151; x_wconf 83' lang='lat' dir='ltr'>Denique</span> <span class='ocrx_word' id='word_1_231' title='bbox 759 3069 870 3149; x_wconf 85' lang='lat' dir='ltr'>quovis</span> <span class='ocrx_word' id='word_1_232' title='bbox 902 3067 1035 3148; x_wconf 82' lang='lat' dir='ltr'>pignora</span> <span class='ocrx_word' id='word_1_233' title='bbox 1058 3067 1287 3143; x_wconf 78' lang='lat' dir='ltr'>contenderim,</span> <span class='ocrx_word' id='word_1_234' title='bbox 1309 3069 1360 3129; x_wconf 87' lang='lat' dir='ltr'>Vs·</span> 
     </span>
     <span class='ocr_line' id='line_1_30' title="bbox 214 3169 1360 3252; baseline 0 -20"><span class='ocrx_word' id='word_1_235' title='bbox 214 3170 298 3248; x_wconf 87' lang='grc'>591,</span> <span class='ocrx_word' id='word_1_236' title='bbox 334 3169 455 3232; x_wconf 83' lang='lat' dir='ltr'>etiamsi</span> <span class='ocrx_word' id='word_1_237' title='bbox 477 3170 504 3233; x_wconf 91' lang='lat' dir='ltr'>is</span> <span class='ocrx_word' id='word_1_238' title='bbox 527 3190 592 3233; x_wconf 89' lang='lat' dir='ltr'>non</span> <span class='ocrx_word' id='word_1_239' title='bbox 621 3171 660 3235; x_wconf 88' lang='lat' dir='ltr'>sit</span> <span class='ocrx_word' id='word_1_240' title='bbox 681 3172 723 3233; x_wconf 85' lang='lat' dir='ltr'>ad</span> <span class='ocrx_word' id='word_1_241' title='bbox 752 3176 900 3251; x_wconf 85' lang='lat' dir='ltr'>quattuor</span> <span class='ocrx_word' id='word_1_242' title='bbox 922 3170 1060 3234; x_wconf 81' lang='lat' dir='ltr'>diversas</span> <span class='ocrx_word' id='word_1_243' title='bbox 1082 3188 1240 3252; x_wconf 81' lang='lat' dir='ltr'>personas</span> <span class='ocrx_word' id='word_1_244' title='bbox 1261 3187 1360 3251; x_wconf 89' lang='lat' dir='ltr'>prae-</span> 
     </span>
     <span class='ocr_line' id='line_1_31' title="bbox 215 3258 1358 3356; baseline 0.002 -24"><span class='ocrx_word' id='word_1_245' title='bbox 215 3279 318 3334; x_wconf 87' lang='lat' dir='ltr'>sentes</span> <span class='ocrx_word' id='word_1_246' title='bbox 349 3272 503 3350; x_wconf 91' lang='lat' dir='ltr'>directus,</span> <span class='ocrx_word' id='word_1_247' title='bbox 536 3273 679 3354; x_wconf 89' lang='lat' dir='ltr'>Upupam</span> <span class='ocrx_word' id='word_1_248' title='bbox 709 3292 775 3335; x_wconf 92' lang='lat' dir='ltr'>non</span> <span class='ocrx_word' id='word_1_249' title='bbox 806 3291 903 3354; x_wconf 87' lang='lat' dir='ltr'>poseo</span> <span class='ocrx_word' id='word_1_250' title='bbox 935 3291 1005 3335; x_wconf 85' lang='lat' dir='ltr'>esse</span> <span class='ocrx_word' id='word_1_251' title='bbox 1032 3258 1243 3356; x_wconf 68' lang='lat' dir='ltr'>appeliatum</span> <span class='ocrx_word' id='word_1_252' title='bbox 1275 3271 1358 3354; x_wconf 90' lang='lat' dir='ltr'>atqui</span> 
     </span>
     <span class='ocr_line' id='line_1_32' title="bbox 218 3372 1359 3453; baseline 0 -19"><span class='ocrx_word' id='word_1_253' title='bbox 218 3372 296 3434; x_wconf 87' lang='lat' dir='ltr'>mire</span> <span class='ocrx_word' id='word_1_254' title='bbox 320 3381 404 3436; x_wconf 88' lang='lat' dir='ltr'>esset</span> <span class='ocrx_word' id='word_1_255' title='bbox 424 3374 479 3433; x_wconf 84' lang='lat' dir='ltr'>ille</span> <span class='ocrx_word' id='word_1_256' title='bbox 511 3394 622 3437; x_wconf 85' lang='lat' dir='ltr'>versus</span> <span class='ocrx_word' id='word_1_257' title='bbox 645 3375 749 3439; x_wconf 90' lang='lat' dir='ltr'>subito</span> <span class='ocrx_word' id='word_1_258' title='bbox 773 3377 816 3439; x_wconf 89' lang='lat' dir='ltr'>ad</span> <span class='ocrx_word' id='word_1_259' title='bbox 837 3376 969 3440; x_wconf 90' lang='lat' dir='ltr'>chorum</span> <span class='ocrx_word' id='word_1_260' title='bbox 994 3376 1148 3453; x_wconf 89' lang='lat' dir='ltr'>directus,</span> <span class='ocrx_word' id='word_1_261' title='bbox 1184 3375 1211 3438; x_wconf 88' lang='lat' dir='ltr'>si</span> <span class='ocrx_word' id='word_1_262' title='bbox 1234 3374 1359 3438; x_wconf 80' lang='lat' dir='ltr'>Pisthe-</span> 
     </span>
     <span class='ocr_line' id='line_1_33' title="bbox 217 3477 1360 3560; baseline 0.001 -23"><span class='ocrx_word' id='word_1_263' title='bbox 217 3482 322 3537; x_wconf 85' lang='lat' dir='ltr'>tncrus</span> <span class='ocrx_word' id='word_1_264' title='bbox 339 3482 370 3537; x_wconf 89' lang='lat' dir='ltr'>et</span> <span class='ocrx_word' id='word_1_265' title='bbox 385 3481 458 3536; x_wconf 87' lang='lat' dir='ltr'>anto</span> <span class='ocrx_word' id='word_1_266' title='bbox 472 3482 504 3537; x_wconf 86' lang='lat' dir='ltr'>et</span> <span class='ocrx_word' id='word_1_267' title='bbox 521 3483 596 3556; x_wconf 90' lang='lat' dir='ltr'>post</span> <span class='ocrx_word' id='word_1_268' title='bbox 609 3496 789 3541; x_wconf 90' lang='lat' dir='ltr'>sermonem</span> <span class='ocrx_word' id='word_1_269' title='bbox 807 3478 972 3540; x_wconf 79' lang='lat' dir='ltr'>habuisset</span> <span class='ocrx_word' id='word_1_270' title='bbox 989 3496 1060 3538; x_wconf 92' lang='lat' dir='ltr'>cnm</span> <span class='ocrx_word' id='word_1_271' title='bbox 1081 3478 1202 3560; x_wconf 86' lang='lat' dir='ltr'>Upupa.</span> <span class='ocrx_word' id='word_1_272' title='bbox 1237 3477 1360 3551; x_wconf 86' lang='lat' dir='ltr'>Quam-</span> 
     </span>
     <span class='ocr_line' id='line_1_34' title="bbox 216 3577 1359 3664; baseline 0 -24"><span class='ocrx_word' id='word_1_273' title='bbox 216 3598 312 3660; x_wconf 89' lang='lat' dir='ltr'>quam</span> <span class='ocrx_word' id='word_1_274' title='bbox 333 3597 400 3642; x_wconf 94' lang='lat' dir='ltr'>non</span> <span class='ocrx_word' id='word_1_275' title='bbox 421 3597 503 3660; x_wconf 84' lang='lat' dir='ltr'>nego</span> <span class='ocrx_word' id='word_1_276' title='bbox 524 3587 599 3664; x_wconf 79' lang='lat' dir='ltr'>poet</span> <span class='ocrx_word' id='word_1_277' title='bbox 619 3579 721 3662; x_wconf 84' lang='lat' dir='ltr'>ipsum</span> <span class='ocrx_word' id='word_1_278' title='bbox 741 3579 830 3643; x_wconf 88' lang='lat' dir='ltr'>itlnm</span> <span class='ocrx_word' id='word_1_279' title='bbox 852 3579 959 3643; x_wconf 89' lang='lat' dir='ltr'>locum</span> <span class='ocrx_word' id='word_1_280' title='bbox 985 3599 1083 3662; x_wconf 87' lang='lat' dir='ltr'>posse</span> <span class='ocrx_word' id='word_1_281' title='bbox 1110 3597 1291 3644; x_wconf 87' lang='lat' dir='ltr'>sermonem</span> <span class='ocrx_word' id='word_1_282' title='bbox 1321 3577 1359 3640; x_wconf 90' lang='lat' dir='ltr'>ab</span> 
     </span>
     <span class='ocr_line' id='line_1_35' title="bbox 216 3683 1360 3764; baseline -0.003 -19"><span class='ocrx_word' id='word_1_283' title='bbox 216 3683 327 3764; x_wconf 91' lang='lat' dir='ltr'>Upupa</span> <span class='ocrx_word' id='word_1_284' title='bbox 357 3686 537 3762; x_wconf 88' lang='lat' dir='ltr'>susceptum</span> <span class='ocrx_word' id='word_1_285' title='bbox 565 3701 652 3760; x_wconf 89' lang='lat' dir='ltr'>essa,</span> <span class='ocrx_word' id='word_1_286' title='bbox 682 3683 779 3745; x_wconf 93' lang='lat' dir='ltr'>modo</span> <span class='ocrx_word' id='word_1_287' title='bbox 809 3689 980 3760; x_wconf 85' lang='lat' dir='ltr'>statuatur,</span> <span class='ocrx_word' id='word_1_288' title='bbox 1009 3689 1111 3747; x_wconf 78' lang='lat' dir='ltr'>autea</span> <span class='ocrx_word' id='word_1_289' title='bbox 1133 3683 1268 3747; x_wconf 87' lang='lat' dir='ltr'>chorum</span> <span class='ocrx_word' id='word_1_290' title='bbox 1289 3699 1360 3744; x_wconf 87' lang='lat' dir='ltr'>ser-</span> 
     </span>
     <span class='ocr_line' id='line_1_36' title="bbox 217 3782 1360 3868; baseline 0.002 -26"><span class='ocrx_word' id='word_1_291' title='bbox 217 3785 407 3846; x_wconf 89' lang='lat' dir='ltr'>mocinatum</span> <span class='ocrx_word' id='word_1_292' title='bbox 423 3801 510 3861; x_wconf 88' lang='lat' dir='ltr'>esse;</span> <span class='ocrx_word' id='word_1_293' title='bbox 528 3784 604 3865; x_wconf 89' lang='lat' dir='ltr'>quin</span> <span class='ocrx_word' id='word_1_294' title='bbox 618 3803 744 3862; x_wconf 87' lang='lat' dir='ltr'>censeo,</span> <span class='ocrx_word' id='word_1_295' title='bbox 763 3792 797 3847; x_wconf 89' lang='lat' dir='ltr'>nt</span> <span class='ocrx_word' id='word_1_296' title='bbox 806 3787 872 3868; x_wconf 86' lang='lat' dir='ltr'>jam</span> <span class='ocrx_word' id='word_1_297' title='bbox 886 3783 1068 3866; x_wconf 82' lang='lat' dir='ltr'>significavi,</span> <span class='ocrx_word' id='word_1_298' title='bbox 1089 3785 1220 3848; x_wconf 88' lang='lat' dir='ltr'>alteram</span> <span class='ocrx_word' id='word_1_299' title='bbox 1234 3786 1290 3848; x_wconf 86' lang='lat' dir='ltr'>Vs.</span> <span class='ocrx_word' id='word_1_300' title='bbox 1297 3782 1360 3846; x_wconf 86' lang='lat'>592</span> 
     </span>
     <span class='ocr_line' id='line_1_37' title="bbox 217 3886 1363 3969; baseline 0.003 -23"><span class='ocrx_word' id='word_1_301' title='bbox 217 3890 339 3966; x_wconf 90' lang='lat' dir='ltr'>partem</span> <span class='ocrx_word' id='word_1_302' title='bbox 349 3886 547 3966; x_wconf 85' lang='lat' dir='ltr'>probabilius</span> <span class='ocrx_word' id='word_1_303' title='bbox 560 3887 709 3950; x_wconf 89' lang='lat' dir='ltr'>tributum</span> <span class='ocrx_word' id='word_1_304' title='bbox 725 3888 762 3950; x_wconf 89' lang='lat' dir='ltr'>iri</span> <span class='ocrx_word' id='word_1_305' title='bbox 774 3889 904 3969; x_wconf 88' lang='lat' dir='ltr'>Upupae</span> <span class='ocrx_word' id='word_1_306' title='bbox 922 3903 1016 3966; x_wconf 88' lang='lat' dir='ltr'>quam</span> <span class='ocrx_word' id='word_1_307' title='bbox 1029 3887 1140 3951; x_wconf 88' lang='lat' dir='ltr'>choro.</span> <span class='ocrx_word' id='word_1_308' title='bbox 1162 3889 1268 3964; x_wconf 85' lang='lat' dir='ltr'>Quum</span> <span class='ocrx_word' id='word_1_309' title='bbox 1279 3887 1363 3950; x_wconf 88' lang='lat' dir='ltr'>enim</span> 
     </span>
     <span class='ocr_line' id='line_1_38' title="bbox 218 3970 1364 4072; baseline 0 -24"><span class='ocrx_word' id='word_1_310' title='bbox 218 3970 341 4048; x_wconf 72' lang='lat' dir='ltr'>certnm&#39;</span> <span class='ocrx_word' id='word_1_311' title='bbox 360 3986 415 4064; x_wconf 89' lang='lat' dir='ltr'>sit,</span> <span class='ocrx_word' id='word_1_312' title='bbox 447 3991 590 4071; x_wconf 87' lang='lat' dir='ltr'>Upupam</span> <span class='ocrx_word' id='word_1_313' title='bbox 612 3988 718 4054; x_wconf 90' lang='lat' dir='ltr'>dicere</span> <span class='ocrx_word' id='word_1_314' title='bbox 738 3989 813 4052; x_wconf 90' lang='lat' dir='ltr'>inde</span> <span class='ocrx_word' id='word_1_315' title='bbox 841 4006 861 4050; x_wconf 89' lang='lat' dir='ltr'>a</span> <span class='ocrx_word' id='word_1_316' title='bbox 881 3988 936 4051; x_wconf 85' lang='lat' dir='ltr'>Vs.</span> <span class='ocrx_word' id='word_1_317' title='bbox 956 3989 1037 4067; x_wconf 80' lang='lat'>597,</span> <span class='ocrx_word' id='word_1_318' title='bbox 1065 4009 1130 4053; x_wconf 90' lang='lat' dir='ltr'>non</span> <span class='ocrx_word' id='word_1_319' title='bbox 1151 3996 1259 4072; x_wconf 86' lang='lat' dir='ltr'>potest</span> <span class='ocrx_word' id='word_1_320' title='bbox 1281 3989 1364 4050; x_wconf 84' lang='lat' dir='ltr'>bene</span> 
     </span>
     <span class='ocr_line' id='line_1_39' title="bbox 218 4087 1363 4175; baseline 0.003 -25"><span class='ocrx_word' id='word_1_321' title='bbox 218 4087 307 4164; x_wconf 89' lang='lat' dir='ltr'>fieri,</span> <span class='ocrx_word' id='word_1_322' title='bbox 338 4095 373 4150; x_wconf 88' lang='lat' dir='ltr'>ut</span> <span class='ocrx_word' id='word_1_323' title='bbox 404 4107 442 4152; x_wconf 88' lang='lat' dir='ltr'>ca</span> <span class='ocrx_word' id='word_1_324' title='bbox 470 4111 534 4153; x_wconf 92' lang='lat' dir='ltr'>non</span> <span class='ocrx_word' id='word_1_325' title='bbox 554 4094 621 4175; x_wconf 79' lang='lat' dir='ltr'>jam</span> <span class='ocrx_word' id='word_1_326' title='bbox 651 4113 690 4156; x_wconf 88' lang='lat' dir='ltr'>eo</span> <span class='ocrx_word' id='word_1_327' title='bbox 714 4094 788 4157; x_wconf 91' lang='lat' dir='ltr'>loco</span> <span class='ocrx_word' id='word_1_328' title='bbox 817 4091 923 4154; x_wconf 88' lang='lat' dir='ltr'>dicare</span> <span class='ocrx_word' id='word_1_329' title='bbox 950 4091 1116 4174; x_wconf 87' lang='lat' dir='ltr'>inceperit,</span> <span class='ocrx_word' id='word_1_330' title='bbox 1138 4112 1203 4174; x_wconf 92' lang='lat' dir='ltr'>quo</span> <span class='ocrx_word' id='word_1_331' title='bbox 1226 4092 1363 4175; x_wconf 90' lang='lat' dir='ltr'>primum</span> 
     </span>
     <span class='ocr_line' id='line_1_40' title="bbox 222 4187 1365 4276; baseline 0.006 -25"><span class='ocrx_word' id='word_1_332' title='bbox 222 4189 323 4272; x_wconf 81' lang='lat' dir='ltr'>agitur</span> <span class='ocrx_word' id='word_1_333' title='bbox 351 4187 392 4250; x_wconf 86' lang='lat' dir='ltr'>de</span> <span class='ocrx_word' id='word_1_334' title='bbox 420 4207 458 4252; x_wconf 88' lang='lat' dir='ltr'>ea</span> <span class='ocrx_word' id='word_1_335' title='bbox 484 4210 533 4268; x_wconf 90' lang='lat' dir='ltr'>re,</span> <span class='ocrx_word' id='word_1_336' title='bbox 562 4193 603 4255; x_wconf 93' lang='lat' dir='ltr'>ad</span> <span class='ocrx_word' id='word_1_337' title='bbox 633 4212 728 4274; x_wconf 89' lang='lat' dir='ltr'>quam</span> <span class='ocrx_word' id='word_1_338' title='bbox 761 4193 1023 4276; x_wconf 76' lang='lat' dir='ltr'>interrogationes</span> <span class='ocrx_word' id='word_1_339' title='bbox 1046 4195 1178 4275; x_wconf 85' lang='lat' dir='ltr'>Upupae</span> <span class='ocrx_word' id='word_1_340' title='bbox 1207 4198 1365 4276; x_wconf 77' lang='lat' dir='ltr'>spectant,</span> 
     </span>
    </p>
   </div>
   <div class='ocr_carea' id='block_1_3' title="bbox 0 0 1465 4654">
    <p class='ocr_par' dir='ltr' id='par_1_10' title="bbox 0 0 1465 4654">
     <span class='ocr_line' id='line_1_41' title="bbox 0 0 1465 4654; baseline 0 0"><span class='ocrx_word' id='word_1_341' title='bbox 0 0 1465 4654; x_wconf 95' lang='lat' dir='ltr'> </span> 
     </span>
    </p>
   </div>
  </div>
 </body>
</html>
