2910 4654
570 137 782 206 ..35¹-

116 305 188 368 diuo
210 307 296 370 bona
327 307 447 383 omnia,
481 325 563 387 quae
591 308 802 374 Pisthetoerus
823 310 1003 376 homlnibus
1023 313 1176 393 promittit
1203 315 1257 378 Vs.

115 408 190 472 592.
232 411 352 492 Nempe
378 412 432 474 Vs.
450 411 514 475 575
535 409 589 474 rel
611 412 675 476 578
703 411 746 474 ad
766 420 958 493 postremum
981 414 1104 477 dixerat
1124 416 1259 502 chorus;

116 509 263 594 deinceps
284 514 460 594 perbreve
482 520 604 596 tempus
625 514 854 578 Pisthetaerum
875 517 1138 580 sermocinantem
1156 517 1260 580 inter-

113 612 213 693 pellat
233 632 299 677 non
321 616 456 692 chorus,
486 615 545 679 sed
565 616 760 697 Euelpides3
782 617 916 696 deiude,
937 627 1104 700 postquam
1126 620 1259 684 chorum

113 714 221 780 dedita
249 735 350 798 opera
378 718 549 799 appellavit
578 719 811 797 Pisthotaerus‚
841 722 953 803 llpupa
982 720 1111 801 suscipit
1130 739 1258 786 sermo-

113 835 196 892 nem,
218 836 284 880 nou
301 827 365 882 tam
387 839 427 882 ne
447 819 517 900 ipsa
535 820 711 903 nimioparc
733 829 836 884 tacere
857 822 1011 898 videatur,
1032 819 1090 884 scd
1111 829 1147 884 ut
1163 821 1259 885 ctiam

114 918 155 979 ah
179 918 249 999 ipsa
280 921 499 984 examinentur
520 921 604 986 dicta
627 931 659 987 ct
688 923 845 1005 promissa
866 921 1060 986 Pisthetaeri.
1109 923 1261 1004 Apparet,

113 1037 208 1100 quam
231 1022 356 1105 egregie
382 1022 476 1084 etiam
499 1023 539 1086 ah
561 1024 623 1087 hac
645 1033 736 1106 parte
759 1026 996 1089 commendetur
1015 1031 1126 1088 nostra
1146 1024 1260 1088 distri-

111 1119 229 1183 buendi
250 1124 343 1186 ratio.
385 1125 454 1187 tarn
476 1125 584 1205 quaeri
606 1134 722 1208 potest,
743 1135 924 1211 praestetne
953 1125 1259 1194 7015920011110100

460 1227 534 1310 λέγε
554 1222 601 1309 δὴ
620 1218 702 1309 ’pot
724 1233 791 1297 τῶν
812 1229 956 1313 ἀγαθῶν
985 1237 1036 1304 ἕν,

112 1341 293 1406 quanquam
316 1327 530 1404 concedimus,
550 1348 614 1391 non
638 1347 710 1391 esse
727 1329 855 1392 omnino
873 1328 1152 1391 0000000100.-
1171 1331 1258 1412 Ergo

111 1426 165 1490 Vs.
181 1427 243 1491 591
274 1428 407 1491 chorum
439 1428 612 1511 alloquitur
643 1430 865 1494 Pisthetaerus.
915 1430 1006 1492 Dicat
1035 1431 1101 1514 jam
1133 1430 1258 1512 aliquis,

112 1547 177 1590 non
200 1530 337 1611 liquere,
368 1531 396 1594 is
430 1551 485 1596 cur
511 1531 710 1614 potissimum
733 1541 882 1614 quattuor
910 1532 1050 1614 appellet
1071 1552 1162 1611 aves,
1197 1533 1258 1596 nisi

110 1632 277 1695 stationem
306 1633 397 1696 chori
427 1651 497 1697 earn
527 1635 626 1697 luisse
656 1643 816 1712 sumatur,
848 1640 882 1697 ut
904 1641 1052 1715 quattuor
1084 1634 1257 1698 choreutae

110 1730 238 1813 reliquis
259 1735 428 1816 propiores
459 1744 566 1802 essent
594 1737 791 1804 Pisthetaero
814 1737 848 1800 in
876 1735 1047 1818 proscenio
1077 1734 1257 1814 collocato;

111 1834 197 1896 nude
226 1844 431 1915 sequeretur,
465 1839 600 1901 chorum
630 1833 716 1905 sect
753 1830 834 1923 (cycl
863 1838 960 1900 luisse
989 1839 1193 1920 dispositum,
1223 1839 1258 1902 id

112 1935 201 2016 quod
223 1953 319 2018 snpra
345 1956 378 2019 p.
392 1939 433 2003 81
467 1937 532 2002 alic
565 1938 774 2002 ratiocinandi
794 1939 893 2001 modo
914 1941 1052 2020 probare
1073 1940 1257 2016 studuimus,

113 2045 160 2115 et,
190 2038 217 2100 si
240 2039 334 2103 etiam
356 2042 391 2106 id
412 2061 519 2106 verum
543 2050 606 2121 est,
630 2041 716 2123 quod
740 2041 889 2118 diximus,
912 2041 1061 2117 chorum,
1089 2041 1149 2102 nisi
1171 2042 1258 2121 quod

112 2159 283 2204 conversus
306 2152 398 2222 esset,
421 2145 556 2208 eundem
576 2144 680 2228 ipsum
702 2145 847 2207 ordinem
861 2163 1006 2207 servasse
1028 2143 1061 2205 in
1082 2143 1257 2221 orchestra,

111 2261 175 2325 quo
197 2243 354 2326 ingressus
384 2256 486 2325 esset,
520 2247 670 2330 quattuor
701 2248 747 2312 illi
766 2247 972 2312 choraulae·
994 2252 1101 2308 essent
1133 2243 1256 2328 πέρδιξ,

110 2346 225 2421 aleca,
248 2347 377 2430 000000,
398 2349 574 2434 πορφυρίς.
619 2350 696 2430 Sed,
719 2367 909 2433 quamquam
929 2350 1012 2411 hacc
1031 2365 1109 2410 sane
1131 2348 1258 2431 egregie

109 2454 295 2527 congruunt,
317 2467 382 2524 uon
398 2469 537 2532 possum,
560 2452 645 2533 quin,
659 2460 694 2516 ut
708 2453 805 2537 ajunt,
829 2452 899 2534 ipse
911 2469 983 2514 moa
996 2452 1100 2514 vineta
1114 2451 1255 2514 caedam.

108 2548 231 2611 Etenim
254 2571 348 2633 quum
369 2555 423 2617 Vs.
435 2555 498 2618 875
516 2555 679 2619 videamus
703 2555 865 2640 ppvyr'lov
884 2551 945 2615 dici
969 2549 1151 2637 Σαβάζιού,
1175 2574 1257 2635 ppo·

107 2651 205 2733 pilon
235 2651 353 2718 trustra
383 2659 577 2737 quaesiveris
606 2658 689 2723 inter
721 2675 814 2734 aves,
849 2673 933 2736 quae
953 2653 1086 2718 chorum
1109 2654 1255 2718 efficiunt.

107 2754 191 2835 Ergo
213 2754 387 2821 sicumare
409 2759 499 2837 licet,
530 2761 562 2823 in
584 2761 634 2824 his
663 2761 758 2824 rebus
780 2759 841 2822 sibi
864 2756 1042 2820 constitisse
1063 2757 1149 2820 hunc
1170 2776 1256 2840 poe-

107 2863 187 2933 tam,
217 2860 359 2938 seqnitur
378 2863 433 2924 Vs.
451 2864 512 2926 501
537 2883 603 2926 non
624 2863 780 2946 appellari
803 2860 941 2943 singulas
964 2859 1142 2923 choreutas.
1184 2861 1256 2922 llo·

108 2957 180 3021 dem
201 2961 339 3043 pertinet
372 2964 459 3044 quod
490 2965 544 3026 Vs.
564 2965 628 3028 560
656 2965 798 3028 videmus
820 2970 956 3025 anatem
984 2962 1098 3024 haberi
1119 2959 1255 3045 ὄρνιθα,

108 3059 147 3139 ὃς
168 3058 214 3130 ἄν
245 3059 377 3152 α’ρμόζῃ
403 3062 488 3133 acroi
510 3065 720 3134 Ποσειδῶνα.
764 3062 826 3125 Sed
854 3061 938 3124 inira
961 3063 1153 3135 ostendetur,
1184 3060 1255 3122 fieri

107 3181 219 3244 posse,
241 3171 277 3226 ut
296 3166 351 3228 Vs.
370 3166 434 3228 564
457 3166 497 3228 de
519 3165 614 3228 simili
643 3165 801 3247 accipitris
829 3164 871 3225 ad
891 3161 1071 3244 Apollinem
1100 3162 1255 3223 relatione

108 3283 215 3328 sermo
238 3265 343 3345 fuerit,
372 3285 436 3350 quo
464 3269 505 3330 de
536 3267 592 3330 011.
622 3267 717 3330 etiam
746 3268 800 3329 Vs.
821 3265 901 3341 5163
920 3265 986 3348 jam
1015 3283 1092 3326 vero
1114 3265 1167 3327 Vs.
1190 3265 1255 3328 570

108 3367 327 3448 cognoscimus
346 3366 501 3437 κύκνον
522 3367 668 3437 Πύθιον
687 3370 741 3438 aul
758 3366 893 3454 Δήλιον.
934 3367 1016 3430 Hinc
1038 3367 1151 3451 aliquis
1169 3388 1252 3450 pro·

107 3468 213 3531 babile
250 3466 362 3544 ducat,
403 3479 532 3553 poetam
565 3493 669 3536 -unum
699 3471 897 3553 eundemque
927 3471 1020 3534 deum
1054 3489 1074 3534 a
1110 3472 1252 3553 pluribus

107 3570 219 3633 avibus
239 3579 508 3649 repraesentatum
529 3575 651 3636 1001000.
695 3575 758 3637 Sed
778 3573 973 3654 postulabis,
995 3579 1031 3632 ut
1058 3571 1252 3646 ostendatur,

107 3672 223 3754 quibus
252 3671 293 3734 de
325 3671 445 3734 caussis
473 3672 603 3748 lecerit,
626 3679 780 3754 quatenns
810 3671 966 3750 quadrent
995 3689 1070 3734 ures
1099 3672 1142 3734 ad
1163 3671 1251 3748 deos,

106 3773 290 3854 quibuscum
313 3779 554 3856 componuntnr.
597 3775 643 3836 An
666 3772 730 3836 hoc
750 3773 783 3834 in
805 3773 867 3836 hac
886 3791 996 3837 caussa
1017 3791 1082 3835 non
1103 3793 1184 3857 opus
1198 3775 1251 3840 vi-

104 3873 252 3938 debitur?
294 3873 435 3938 llifficilis
454 3883 504 3940 est
520 3876 704 3960 conjectura
719 3875 869 3940 veritatis.
910 3876 1065 3957 Equidem
1086 3897 1154 3942 rem
1173 3897 1249 3942 sus-

103 3995 235 4060 pensam
250 3981 354 4039 teneo.
396 3979 467 4043 1100
485 3986 590 4042 tamen
605 3999 669 4043 non
689 3999 782 4064 nego,
804 3995 901 4060 posse
917 3977 1005 4043 illum
1023 4001 1149 4045 versum
1166 3983 1248 4044 bene

104 4079 145 4142 ad
167 4077 346 4141 universum
368 4080 501 4143 chorum
528 4082 679 4148 directum
702 4083 805 4147 statui.
836 4115 879 4128 -
898 4081 959 4160 Ea,
982 4083 1023 4146 da
1052 4101 1115 4165 qna
1143 4082 1248 4144 adhuc

104 4178 319 4258 disseruimus,
341 4181 432 4243 chori
448 4182 543 4246 static
557 4185 610 4247 Vs.
627 4187 691 4250 too
707 4203 727 4247 a
741 4183 845 4270 choro
861 4183 1054 4267 significatur
1070 4184 1119 4245 his
1130 4180 1242 4243 verbis:
