2910 4654
588 119 822 184 -129-

123 289 315 373 Protogenia
345 281 430 352 natu
450 295 498 366 et,
527 296 560 353 ut
594 289 762 371 probabile
795 299 859 369 est,
892 293 1041 377 dignitate
1074 295 1167 358 tuerit
1200 308 1272 360 ma'-

119 395 189 478 jor,
218 411 284 454 non
312 399 420 474 potest
440 409 506 454 non
527 391 629 455 videri
651 393 774 456 mirum.
819 395 882 456 Sed
905 397 1027 462 desinet
1047 415 1100 460 res
1120 399 1200 462 mira
1221 401 1273 464 vi-

124 495 206 572 deri,
241 495 280 557 si
301 495 521 577 Protogeniam
550 495 681 577 proprie
703 496 823 558 nullam
843 496 947 574 aliam,
969 517 1063 580 quam
1084 501 1185 605 ipsam
1206 505 1272 566 Mi-

125 617 264 677 nervam,
289 612 374 661 esse
392 603 550 678 sumptum
580 597 693 676 luerit,
725 605 757 662 et
776 617 906 664 revera
903 599 978 680 tili,
1018 610 1127 684 utpote
1159 606 1273 688 majori

125 702 253 777 numiui,
275 687 417 763 uaccam
430 717 501 761 esse
515 689 719 763 immolatam.
762 703 839 765 Cum
862 713 925 784 qua
954 704 1137 786 conjectura
1159 705 1272 769 eximia

125 803 282 886 congruit,
306 803 394 882 quod
426 803 521 865 etiam
543 803 708 865 Pandorae
740 822 885 867 sororem
907 803 1063 866 Basiliam
1083 808 1166 887 apud
1189 809 1273 872 Dio-¹

25 941 35 952 ·
125 905 236 967 dorum
257 904 391 988 legimns
424 905 563 968 emnium
600 905 690 970 Coeli
719 911 813 988 atque
843 908 972 970 'litaeae
1001 907 1175 972 lihero'rum’
1197 915 1282 972 natu*

124 1009 291 1071 maximam
313 1024 393 1070 esse
436 1007 586 1085 Omnino,
608 1009 710 1090 ipsam
729 1010 862 1071 Atticam
878 1009 1051 1072 Minervam
1070 1011 1170 1074 luisse
1192 1029 1272 1088 eam,

123 1113 207 1192 quae
234 1111 397 1178 Βασίλεια
420 1109 487 1174 sive
517 1111 662 1184 Βασιλὶς
691 1110 990 1192 cognominabatur,
1029 1111 1126 1174 iidem
1155 1115 1272 1179 ludunt

123 1213 220 1276 etiam
241 1214 374 1275 'lzetzae
395 1213 492 1276 rerba
514 1212 624 1294 paullo
647 1231 743 1295 supra
765 1219 912 1300 tractata,
935 1213 961 1275 si
983 1233 1059 1276 vora
1081 1225 1166 1291 sunt,
1189 1236 1272 1297 quae

123 1314 165 1378 de
187 1314 225 1376 iis
248 1314 483 1396 disputavimus.
535 1318 651 1378 Verum
680 1316 761 1379 haec
778 1317 939 1378 indicasse
961 1318 1070 1399 maps,
1093 1338 1188 1400 quam
1211 1341 1272 1384 ex-

122 1417 278 1500 posuisse,
300 1417 365 1479 hoc
385 1417 458 1480 loce
478 1418 557 1481 satis
574 1417 695 1488 haheo.
740 1416 910 1482 Videamus
929 1419 1012 1502 jam,
1042 1440 1116 1482 uum
1136 1441 1218 1503 quae
1240 1421 1272 1486 in

123 1519 217 1584 hac'
207 1537 278 1600 ipsa
298 1518 407 1581 fabula
428 1519 522 1592 insint
544 1540 583 1586 eo
607 1521 774 1598 ducentia,
797 1526 833 1582 ut
853 1521 893 1582 ab
916 1521 979 1582 hoc
1004 1530 1101 1603 poeta
1121 1525 1272 1588 Basiliam

124 1625 245 1686 nullam
268 1620 361 1683 aliam
383 1621 524 1696 habitam
546 1641 632 1700 esse,
664 1642 782 1713 quarn
788 1621 972 1696 Minervam,
993 1645 1171 1718 sumanus.
1205 1627 1273 1689 lni-

125 1727 203 1789 tium
226 1727 386 1807 capiamus
410 1745 429 1788 a
450 1729 606 1790 sententia
626 1725 802 1806 Euphronii
825 1726 998 1788 tractanda.
1041 1727 1070 1787 ls
1093 1747 1189 1808 quum
1206 1730 1273 1790 Ba-

126 1827 231 1890 siliam
251 1827 337 1890 lovis
359 1826 461 1899 filiam
474 1827 614 1902 dixerit,
632 1828 805 1908 quaeritur,
827 1834 930 1888 ιιιιιιιιι
952 1826 985 1902 id
1006 1827 1119 1890 iecerit
1134 1829 1181 1924 ah
1202 1829 1272 1892 aliis

126 1929 239 1990 doctus
261 1947 301 1990 au
324 1929 476 1996 ductus'‘
456 1949 494 1994 us
516 1929 608 2009 ipsis,
637 1945 724 2010 quae
747 1927 832 2008 apud
852 1929 937 1990 hunc
964 1935 1110 2008 poetam
1116 1930 1156 1992 de
1178 1931 1273 2008 Basi-

125 2031 170 2093 lia
192 2039 264 2094 sunt
284 2033 403 2114 posita;
436 2051 554 2114 porro·
585 2049 681 2111 quam
707 2030 793 2094 lovis
814 2028 913 2092 filiam
934 2030 1134 2094 intellexerit.
1179 2031 1274 2106 Quod

129 2131 171 2196 ad
193 2134 276 2196 hane
297 2134 427 2197 alteram
451 2133 562 2195 attinet
584 2129 818 2215 quaestionem,
841 2131 1050 2209 scholiastes,
1081 2133 1133 2213 qui
1157 2133 1197 2195 de
1219 2133 1276 2196 illa

61 2271 65 2274 -
126 2235 304 2318 Euphronii
331 2236 485 2298 sententia
507 2232 654 2310 rettulit,
665 2232 859 2298 existimasse
882 2235 1021 2311 videtur,
1050 2233 1134 2297 hunc
1157 2237 1286 2300 nullam.

128 2337 223 2400 aliam
244 2338 472 2415 intellexissse,
504 2357 598 2420 qnam
628 2337 812 2400 Minervam.
854 2337 1060 2400 accuratiora
1089 2339 1129 2399 de
1156 2340 1217 2401 hac
1239 2358 1274 2401 ro

128 2461 195 2502 non
216 2449 350 2522 possunt
372 2442 463 2503 effici.
505 2429 681 2522 Deprione
702 2439 758 2500 illo
787 2439 882 2502 etiam
903 2441 1002 2520 magis
1026 2438 1122 2500 duhia
1143 2459 1195 2501 res
1218 2447 1274 2502 est.

127 2546 211 2608 Fieri
232 2539 406 2628 sanequam
438 2537 557 2626 optime
583 2551 708 2628 potest,
736 2549 770 2605 nt
797 2535 996 2624 Euphronius
1021 2541 1115 2620 suam
1141 2548 1275 2604 senten-

17 2675 22 2691 ·
129 2649 205 2711 tiam
227 2647 356 2712 alicnde
377 2649 520 2712 hauserit
542 2656 578 2712 et
596 2656 744 2712 auctores
763 2647 840 2710 satis
872 2641 1048 2727 locupletes
1068 2643 1195 2718 secuml
1217 2646 1274 2720 sit;

129 2752 188 2814 sed
207 2752 318 2834 negari
349 2751 473 2834 nequit,
506 2750 602 2833 posse
625 2751 720 2814 etiam
741 2749 832 2826 fieri,
870 2757 904 2811 ut
930 2748 1018 2809 nullo
1048 2765 1122 2810 uens
1146 2748 1186 2809 sit
1213 2746 1275 2808 nisi

128 2855 192 2916 hoc
214 2860 321 2934 poeta.
362 2856 445 2916 Ecce
467 2855 522 2918 tihi
543 2854 668 2930 locum,
700 2853 753 2934 qui
776 2860 825 2915 est
846 2854 898 2916 Vs.
925 2850 1024 2916 1752
1031 2859 1062 2913 et
1087 2849 1188 2926 1753,
1220 2849 1278 2910 uhi

129 2956 212 3018 haec
233 2955 340 3036 posita
360 2962 432 3018 sunt
461 2956 500 3017 de
521 2956 765 3020 Pisthetaero:¹

218 3049 279 3124 Arei
302 3057 338 3123 σε’
359 3050 400 3122 eei
425 3050 769 3143 udcsmuputeicoec
1043 3117 1047 3126 ,
1131 3096 1134 3105 ·

218 3160 273 3234 cusi
296 3152 463 3244 πάρεδρον
484 3157 668 3236 ,Βασίλειαν
697 3167 761 3250 ἔχει
786 3153 907 3234 Διός
950 3201 954 3210 .
996 3190 999 3204 ·
1049 3155 1085 3208 ’ἕ
1141 3198 1145 3206 ·
1245 3159 1277 3216 ’ἓ

132 3263 222 3324 llaec
240 3265 338 3328 verba
356 3263 528 3327 facillime'
519 3273 562 3327 rta
579 3267 677 3348 accipi
698 3274 840 3348 possunt,
858 3271 892 3327 ut
907 3264 1023 3326 chorus
1036 3263 1129 3342 dicat,
1148 3257 1277 3327 tunm

131 3373 252 3427 tucrum
274 3365 395 3430 sociam
425 3363 547 3430 hahere
568 3370 714 3433 Basiliam
735 3369 822 3431 lovis
850 3362 957 3429 filiam.
1011 3365 1113 3449 Vulgo
1132 3367 1185 3428 ita
1216 3365 1276 3430 ea-

130 3464 297 3545 fiuntur,
310 3467 398 3545 quasi
420 3477 517 3548 poeta
539 3468 644 3553 potios
675 3473 830 3535 dicentem
853 3469 962 3534 iecerit
982 3459 1126 3566 chorum,
1149 3469 1276 3530 Pisthe-

131 3575 255 3630 ιιιιιιιιι
275 3569 423 3632 Basiliam
443 3571 579 3650 habere,
615 3591 696 3654 quae
717 3574 786 3636 tevi
809 3571 955 3634 assideat.
998 3570 1062 3633 Sed
1085 3571 1195 3631 mirum
1218 3589 1277 3634 es·-

130 3681 198 3750 set,
229 3674 256 3736 si
284 3673 445 3753 Comicus,
473 3676 528 3738 illa
557 3677 729 3739 verberum
762 3672 971 3738 collocatione
992 3689 1084 3734 usus
1106 3687 1171 3742 non
1194 3680 1278 3738 esset

131 3796 172 3838 eo
194 3775 273 3852 line,
303 3786 338 3839 ut
359 3775 567 3860 sipritiearet,
589 3779 738 3842 Basiliam
760 3773 847 3839 levis
868 3773 967 3836 tiliam
993 3789 1073 3839 esse.
1118 3771 1278 3860 Quidquid

131 3878 226 3960 igitur
258 3875 404 3942 statuitur
435 3881 474 3942 de
507 3881 617 3959 toute,
649 3899 689 3942 ex
717 3897 782 3962 quo
804 3875 1008 3960 Euphronius
1028 3871 1175 3942 hauserit
1190 3876 1278 3948 iilam

131 3982 287 4059 notitiam,
307 3982 372 4045 hoc
395 3991 515 4046 eertum
536 3991 592 4058 est,
616 3984 656 4045 ab
678 3981 891 4064 Aristophane
907 3980 1055 4044 Basiliam
1074 3984 1163 4046 toris
1179 3983 1279 4047 liliam

132 4083 273 4146 habitam
292 4103 372 4148 esse.
416 4087 480 4149 Sed
498 4103 665 4169 quamnam
680 4082 735 4150 ille
753 4083 906 4146 intellexit
926 4080 1012 4147 lovis
1033 4086 1131 4148 filiam
1145 4087 1277 4150 eandem

131 4185 294 4267 virginem,
315 4221 359 4238 -·
390 4205 463 4250 nam
486 4185 574 4274 κόρη·
588 4190 715 4273 saepius
746 4185 924 4272 appellatur
945 4183 1084 4265 Basilia,=
1102 4223 1143 4236 -
1175 4194 1278 4252 utrum
