2910 4654
583 140 796 204 ..89-

107 306 197 393 μέσῳ
222 303 368 392 ιιοὲθηοοιι
391 307 441 374 uui
471 307 617 375 saisiret
639 293 763 394 pdcpu,
794 313 845 376 αι’
860 309 896 377 δὲ
918 308 1090 378 εἰλλοιιοιν
1113 309 1137 395 ἦ
1157 339 1251 400 περι-

108 409 277 488 ιινίζονοιν
301 406 325 493 ἢ
346 409 399 475 ecl
421 408 581 476 παίουσιν
605 401 711 476 αὐτὸν
733 411 951 493 περιθέοντες
973 417 1032 475 etc.
1054 432 1147 476 mcx:
1177 419 1251 484 dou·-

107 505 165 575 ὅτε
185 505 204 575 ὁ
225 513 291 593 μὲν
311 515 419 596 ἔχεται
446 511 506 594 τῆς
527 500 648 597 χύτρας
671 505 754 576 κατα
781 503 844 596 cciv
865 506 1013 598 ιιεφολὴν
1035 511 1131 596 (tenet
1150 537 1251 599 supe-

108 610 225 672 riorem
246 617 369 692 purtem
390 609 478 674 ullae
501 609 549 697 '))
581 609 624 698 τῇ
644 611 725 697 χειρὶ
750 612 793 698 τῇ
815 615 895 700 λαιᾷ
926 617 1095 698 περιθέων
1121 623 1159 684 ἐν
1192 614 1252 686 eri·

108 715 171 797 ιιλῳ
204 719 263 775 etc.
306 711 368 787 Qui
389 711 439 775 vir
468 713 579 776 doctus
611 710 639 774 si
668 711 721 789 id,
752 714 841 794 qnod
861 735 968 778 rerum
992 723 1057 794 est,
1077 719 1164 797 vidit,
1199 721 1252 784 hic

106 814 245 876 Pollucis
266 815 356 878 lucus
374 813 477 896 possit
498 813 647 878 credibile
663 813 799 878 reddere
814 816 926 895 videri,
954 817 1040 898 apud
1060 818 1252 904 Aristopha-

107 934 182 976 nem
205 915 303 979 ollam
323 935 383 997 pro
414 915 527 1000 clypeo
550 915 658 978 fuisse.
702 917 765 978 Sed
792 917 921 1002 objiciat
943 919 1074 1000 aliquis,
1105 923 1251 1006 τρυβλία

103 1018 171 1101 jam
194 1037 262 1080 esse
285 1016 387 1103 clypei
407 1017 493 1082 lucc.
536 1018 645 1096 Neque
665 1015 798 1100 injurie„
828 1027 863 1083 ut
883 1020 960 1085 mibi
981 1021 1113 1086 videtur.
1151 1025 1252 1086 Prae·-

106 1125 196 1182 tcree
215 1139 276 1200 pro
298 1121 453 1184 sententia
465 1117 592 1202 Didymi
613 1117 719 1183 lacere
741 1117 877 1199 videtur,
899 1124 996 1205 quod,
1018 1126 1046 1186 si
1066 1124 1253 1206 Euelpidem

107 1222 174 1285 olla
195 1229 345 1303 tunquam
366 1221 478 1306 clypeo
500 1240 591 1284 usum
613 1231 686 1282 esse
704 1221 859 1298 statuitur,
878 1223 931 1287 vix
948 1223 1141 1308 intelligitur,
1163 1247 1251 1308 quu-

106 1325 205 1387 mcdn
228 1322 294 1386 duc
315 1309 460 1409 τρυβλία
484 1326 608 1404 gestare
630 1321 777 1402 potuerit,
799 1321 862 1386 nisi
882 1323 967 1388 forte
995 1327 1143 1405 sumitur,
1179 1347 1250 1392 curn

107 1430 202 1491 ambo
231 1446 293 1490 unu
325 1426 501 1506 eademque
533 1440 628 1486 manu
658 1422 811 1500 tenuisse,
848 1426 937 1506 quod
957 1445 1068 1508 parum
1100 1429 1251 1495 credibile

107 1539 164 1594 est
204 1530 327 1592 Deinde
347 1529 403 1592 illc
425 1525 532 1608 positu
555 1543 620 1587 non
640 1522 759 1605 liquet,
781 1545 836 1588 eur
853 1527 1043 1610 Euelpides,
1078 1550 1174 1612 quum
1195 1538 1250 1595 te-

106 1651 179 1698 men
202 1631 348 1716 clypeum
376 1630 496 1692 bcbeet
520 1628 561 1692 ed
595 1625 705 1690 oculos
734 1627 887 1710 tegendos
908 1630 984 1692 satis
1005 1630 1250 1708 idoneum,¹ex

105 1737 300 1800 Pistbeteero
334 1741 481 1816 quaeret,
517 1729 681 1813 quomodo
715 1729 828 1792 oculos
860 1738 944 1796 tutus
973 1733 1110 1796 reddere
1138 1737 1249 1815 possib

106 1838 172 1902 Sed
194 1834 378 1899 conficietur
398 1853 450 1896 res
471 1830 592 1905 verbis,
618 1847 701 1911 quae
727 1830 872 1912 leguntur
891 1832 966 1896 inde
988 1849 1009 1896 u
1029 1835 1168 1912 Vaces,
1191 1854 1250 1898 uc-

106 1937 244 2004 euratius
265 1933 443 2017 perpensis,
473 1950 567 2014 quem
587 1949 656 1993 reru
677 1949 718 1993 ec
739 1933 837 2014 magis
860 1940 1140 2015 oportetegamus,
1162 1937 1250 2016 quod

104 2050 194 2108 vetus
215 2039 380 2120 interpres,
416 2036 470 2117 qui
500 2034 599 2097 ollem
626 2053 686 2115 pro
720 2033 833 2120 clypco
857 2035 955 2101 fnisse
977 2038 1153 2116 existimat,
1186 2037 1249 2104 illis

104 2143 210 2210 verbis
232 2142 348 2206 nititur.
389 2141 468 2204 Sunt
489 2145 596 2202 nutem
614 2137 750 2202 haecce:

278 2275 318 2292 -
341 2276 383 2294 --
405 2266 448 2289 -·
468 2236 548 2314 c‘ieuc
569 2233 636 2324 eric
661 2236 788 2327 χύτραν

149 2367 153 2384 ¹
276 2340 322 2411 uei
344 2367 380 2410 cs
400 2343 545 2431 τρυβλίω
567 2341 690 2412 erudiet·

277 2442 388 2516 uulso*
411 2439 490 2528 δὸρα
510 2440 573 2534 χρῆ
585 2494 596 2526 ,
615 2440 678 2512 τόν
700 2433 887 2528 ὀβελίσκον,

277 2559 476 2634 περιπατεῖν
497 2552 637 2636 ἔχοντες
661 2538 755 2631 ἡμεῖς

275 2650 346 2716 τῶν
365 2644 481 2718 ὅπλον
501 2647 616 2726 ἐντός,
638 2639 715 2734 παρ’
737 2635 846 2731 αὐτὴν

273 2744 336 2836 τὴν
358 2744 485 2839 χύτραν
505 2749 612 2836 ἄκραν
632 2745 780 2834 ὁρῶνται·

274 2848 389 2938 ἐγγύς·
422 2848 465 2926 οἷς
485 2850 528 2922 ον’
550 2851 710 2936 φευκτέον
731 2853 810 2936 νῷν.

102 2959 265 3024 Debentur
286 2958 367 3021 haec
396 2958 442 3019 ite
463 2957 633 3019 constitute
653 2954 818 3027 Duwesio,
855 2956 908 3034 qui
937 2956 1088 3020 librorum
1107 2959 1248 3042 seriptu-

102 3079 173 3124 ram
194 3060 336 3141 paullum
360 3057 492 3122 mutarit
512 3063 544 3119 et
564 3057 625 3134 sic,
647 3064 682 3120 ut
703 3054 841 3138 dubitari
861 3064 1015 3136 nequeat,
1036 3058 1111 3137 quin
1134 3061 1270 3139 genni-·

102 3185 177 3228 nem
199 3170 317 3244 pcetce
337 3179 462 3222 menum
483 3159 684 3240 praestiterit.
736 3159 809 3220 Non
829 3155 988 3238 acquievit
1007 3147 1114 3220 tumen
1135 3159 1168 3218 in
1189 3159 1247 3222 illc

102 3265 212 3350 ἄκραν
237 3257 381 3347 ὁρῶντας
414 3261 626 3346 Droysenius,
658 3259 895 3322 rescribendum
922 3268 1029 3322 retus:
1056 3253 1249 3344 ‹ipdcdvcec

102 3366 222 3452 ἄκραν.
265 3364 329 3428 Sed
359 3364 444 3426 hunc
472 3364 678 3429 mutationem
709 3381 775 3425 nun
805 3360 909 3425 sulum
924 3363 1016 3426 ·citru
1037 3381 1164 3428 ornnem
1186 3383 1248 3427 ne-

101 3467 282 3532 cessitatem
303 3467 418 3530 tactum
441 3485 529 3544 esse,
563 3486 672 3532 verum
696 3465 792 3528 etiem
815 3479 855 3526 ne
886 3485 1000 3546 perse
1022 3467 1151 3548 quidem
1172 3468 1247 3528 terri

99 3587 216 3651 posse,
245 3565 340 3628 facile
361 3572 409 3628 est
428 3568 471 3628 ud
493 3569 782 3630 demonstrandum.
832 3566 1030 3646 Quemquam
1050 3569 1115 3628 hcc
1138 3585 1247 3628 verum
1277 3553 1279 3560 ’

102 3677 168 3745 εει,
202 3684 305 3748 neque
328 3665 487 3750 vulgatam
508 3665 606 3729 verbe
628 3663 838 3748 distinguendi
867 3670 922 3726 eut
941 3665 1167 3746 interpretandi
1189 3684 1246 3729 rc·

103 3771 222 3833 tionem
242 3777 328 3834 sture
348 3788 456 3849 posse.
499 3767 675 3832 Delendum
701 3775 749 3832 est
769 3785 909 3846 mmm,
942 3787 1006 3850 quc
1027 3768 1123 3854 vulgo
1145 3771 1246 3834 inter·
1326 3821 1330 3833 .

101 3873 249 3957 pungitur
276 3872 568 3954 postvccebulurn
604 3863 699 3943 ινιδι
734 3877 766 3934 et
796 3870 895 3934 verba
936 3871 982 3934 eie
1015 3874 1246 3940 construenda:

174 4089 199 4154 *)
221 4087 263 4139 lte
283 4093 358 4138 recte
378 4087 537 4153 Berglmn
564 4089 615 4141 eir.
640 4090 721 4142 etiem
740 4105 810 4158 qnae
828 4089 935 4141 monuit
961 4088 1115 4144 bleinelrlue
1134 4093 1243 4160 Frage».

102 4193 173 4228 cun.
193 4176 290 4232 Graec.
311 4175 374 4228 Vel.
389 4175 440 4226 lll.
462 4193 491 4244 p.
505 4175 555 4232 231
575 4193 617 4246 eq.
