<?xml version="1.0" encoding="UTF-8"?>
<!DOCTYPE html PUBLIC "-//W3C//DTD XHTML 1.0 Transitional//EN"
    "http://www.w3.org/TR/xhtml1/DTD/xhtml1-transitional.dtd">
<html xmlns="http://www.w3.org/1999/xhtml" xml:lang="en" lang="en">
 <head>
  <title>
</title>
<meta http-equiv="Content-Type" content="text/html;charset=utf-8" />
  <meta name='ocr-system' content='tesseract 3.04.00' />
  <meta name='ocr-capabilities' content='ocr_page ocr_carea ocr_par ocr_line ocrx_word'/>
</head>
<body>
  <div class='ocr_page' id='page_1' title='image "./adversariainaea01wiesgoog_0025.png"; bbox 0 0 2910 4672; ppageno 0'>
   <div class='ocr_carea' id='block_1_1' title="bbox 657 187 868 248">
    <p class='ocr_par' dir='ltr' id='par_1_1' title="bbox 657 187 868 248">
     <span class='ocr_line' id='line_1_1' title="bbox 657 187 868 248; baseline -0.009 -14"><span class='ocrx_word' id='word_1_1' title='bbox 657 187 868 248; x_wconf 62' lang='lat'><strong>..12-</strong></span> 
     </span>
    </p>
   </div>
   <div class='ocr_carea' id='block_1_2' title="bbox 196 349 1337 542">
    <p class='ocr_par' dir='ltr' id='par_1_2' title="bbox 196 349 1337 542">
     <span class='ocr_line' id='line_1_2' title="bbox 196 349 1337 443; baseline -0.007 -20"><span class='ocrx_word' id='word_1_2' title='bbox 196 370 290 443; x_wconf 85' lang='lat' dir='ltr'><strong>pecet</strong></span> <span class='ocrx_word' id='word_1_3' title='bbox 309 358 427 422; x_wconf 86' lang='lat' dir='ltr'><strong>locatio</strong></span> <span class='ocrx_word' id='word_1_4' title='bbox 453 357 559 422; x_wconf 76' lang='grc' dir='ltr'><strong><em>πᾱοον</em></strong></span> <span class='ocrx_word' id='word_1_5' title='bbox 589 351 626 427; x_wconf 75' lang='grc' dir='ltr'><strong>ὃς</strong></span> <span class='ocrx_word' id='word_1_6' title='bbox 652 349 796 436; x_wconf 69' lang='lat' dir='ltr'><strong>imissa</strong></span> <span class='ocrx_word' id='word_1_7' title='bbox 821 363 919 426; x_wconf 74' lang='grc' dir='ltr'><strong><em>θεοῖς.</em></strong></span> <span class='ocrx_word' id='word_1_8' title='bbox 969 354 1200 436; x_wconf 83' lang='lat' dir='ltr'><strong>Exspectebas:</strong></span> <span class='ocrx_word' id='word_1_9' title='bbox 1230 354 1337 421; x_wconf 72' lang='grc' dir='ltr'><strong><em>πᾶσιν</em></strong></span> 
     </span>
     <span class='ocr_line' id='line_1_3' title="bbox 196 455 1337 542; baseline -0.011 -14"><span class='ocrx_word' id='word_1_10' title='bbox 196 461 234 538; x_wconf 80' lang='grc' dir='ltr'><strong>ὃς</strong></span> <span class='ocrx_word' id='word_1_11' title='bbox 259 459 366 542; x_wconf 71' lang='grc' dir='ltr'><strong><em>μόνος</em></strong></span> <span class='ocrx_word' id='word_1_12' title='bbox 392 455 535 536; x_wconf 66' lang='grc' dir='ltr'><strong>ἀντέστη</strong></span> <span class='ocrx_word' id='word_1_13' title='bbox 557 464 651 526; x_wconf 74' lang='grc' dir='ltr'><strong><em>θεοῖο</em></strong></span> <span class='ocrx_word' id='word_1_14' title='bbox 673 455 725 517; x_wconf 85' lang='lat' dir='ltr'><strong>vel</strong></span> <span class='ocrx_word' id='word_1_15' title='bbox 753 455 972 536; x_wconf 74' lang='lat' dir='ltr'><strong>simile-quid.¹</strong></span> <span class='ocrx_word' id='word_1_16' title='bbox 1026 456 1134 537; x_wconf 82' lang='lat' dir='ltr'><strong>Aptius</strong></span> <span class='ocrx_word' id='word_1_17' title='bbox 1166 463 1260 535; x_wconf 77' lang='grc' dir='ltr'><strong><em>φἰοοι</em></strong></span> <span class='ocrx_word' id='word_1_18' title='bbox 1293 456 1337 531; x_wconf 89' lang='lat' dir='ltr'><strong>id,</strong></span> 
     </span>
    </p>
   </div>
   <div class='ocr_carea' id='block_1_3' title="bbox 193 555 1440 748">
    <p class='ocr_par' dir='ltr' id='par_1_3' title="bbox 193 555 1440 748">
     <span class='ocr_line' id='line_1_4' title="bbox 197 555 1440 644; baseline -0.006 -20"><span class='ocrx_word' id='word_1_19' title='bbox 197 563 282 644; x_wconf 90' lang='lat' dir='ltr'><strong>quod</strong></span> <span class='ocrx_word' id='word_1_20' title='bbox 303 558 375 623; x_wconf 82' lang='lat' dir='ltr'>libri</span> <span class='ocrx_word' id='word_1_21' title='bbox 396 555 679 636; x_wconf 76' lang='lat' dir='ltr'><strong>mecn&#39;porrigunt,</strong></span> <span class='ocrx_word' id='word_1_22' title='bbox 699 555 766 636; x_wconf 84' lang='lat' dir='ltr'><strong>jam</strong></span> <span class='ocrx_word' id='word_1_23' title='bbox 787 556 819 618; x_wconf 85' lang='lat' dir='ltr'><strong>id</strong></span> <span class='ocrx_word' id='word_1_24' title='bbox 842 563 904 634; x_wconf 85' lang='lat' dir='ltr'><strong>est,</strong></span> <span class='ocrx_word' id='word_1_25' title='bbox 926 557 1013 638; x_wconf 81' lang='lat' dir='ltr'><strong>quon</strong></span> <span class='ocrx_word' id='word_1_26' title='bbox 1026 557 1169 620; x_wconf 85' lang='lat' dir='ltr'><strong>Butlerns</strong></span> <span class='ocrx_word' id='word_1_27' title='bbox 1191 557 1231 620; x_wconf 87' lang='lat' dir='ltr'><strong>de</strong></span> <span class='ocrx_word' id='word_1_28' title='bbox 1254 576 1337 618; x_wconf 86' lang='lat' dir='ltr'><strong>cnu—</strong></span> <span class='ocrx_word' id='word_1_29' title='bbox 1439 593 1440 616; x_wconf 50' lang='lat' dir='ltr'><strong>l</strong></span> 
     </span>
     <span class='ocr_line' id='line_1_5' title="bbox 193 650 1440 748; baseline -0.006 -20"><span class='ocrx_word' id='word_1_30' title='bbox 193 667 316 748; x_wconf 84' lang='lat' dir='ltr'><strong>jecture</strong></span> <span class='ocrx_word' id='word_1_31' title='bbox 345 664 413 743; x_wconf 85' lang='lat' dir='ltr'><strong>ejus</strong></span> <span class='ocrx_word' id='word_1_32' title='bbox 443 659 475 721; x_wconf 89' lang='lat' dir='ltr'><strong>in</strong></span> <span class='ocrx_word' id='word_1_33' title='bbox 503 660 608 720; x_wconf 89' lang='lat' dir='ltr'><strong>locum</strong></span> <span class='ocrx_word' id='word_1_34' title='bbox 637 657 809 722; x_wconf 70' lang='lat' dir='ltr'><strong>substituit:</strong></span> <span class='ocrx_word' id='word_1_35' title='bbox 850 650 959 743; x_wconf 76' lang='grc' dir='ltr'><strong><em>μόνος</em></strong></span> <span class='ocrx_word' id='word_1_36' title='bbox 987 654 1024 730; x_wconf 75' lang='grc' dir='ltr'><strong>ὃς</strong></span> <span class='ocrx_word' id='word_1_37' title='bbox 1056 655 1200 741; x_wconf 75' lang='grc' dir='ltr'><em>ἀντέστη</em></span> <span class='ocrx_word' id='word_1_38' title='bbox 1229 665 1338 732; x_wconf 79' lang='grc' dir='ltr'><strong><em>θεοῖς,</em></strong></span> <span class='ocrx_word' id='word_1_39' title='bbox 1439 657 1440 721; x_wconf 87' lang='lat' dir='ltr'><strong>l</strong></span> 
     </span>
    </p>
   </div>
   <div class='ocr_carea' id='block_1_4' title="bbox 113 758 1415 4305">
    <p class='ocr_par' dir='ltr' id='par_1_4' title="bbox 113 758 1415 4305">
     <span class='ocr_line' id='line_1_6' title="bbox 197 758 1337 841; baseline -0.011 -10"><span class='ocrx_word' id='word_1_40' title='bbox 197 767 293 831; x_wconf 89' lang='lat' dir='ltr'><strong>modo</strong></span> <span class='ocrx_word' id='word_1_41' title='bbox 320 760 414 828; x_wconf 86' lang='lat' dir='ltr'><strong>hllem</strong></span> <span class='ocrx_word' id='word_1_42' title='bbox 441 758 713 824; x_wconf 80' lang='lat' dir='ltr'><strong>verisimilitudinis</strong></span> <span class='ocrx_word' id='word_1_43' title='bbox 739 763 877 841; x_wconf 89' lang='lat' dir='ltr'><strong>speciem</strong></span> <span class='ocrx_word' id='word_1_44' title='bbox 903 776 980 841; x_wconf 82' lang='lat' dir='ltr'><strong>prae</strong></span> <span class='ocrx_word' id='word_1_45' title='bbox 1002 778 1037 820; x_wconf 91' lang='lat' dir='ltr'><strong>se</strong></span> <span class='ocrx_word' id='word_1_46' title='bbox 1059 759 1165 822; x_wconf 86' lang='lat' dir='ltr'><strong>lerret.</strong></span> <span class='ocrx_word' id='word_1_47' title='bbox 1215 758 1337 822; x_wconf 86' lang='lat' dir='ltr'><strong>Deinde</strong></span> 
     </span>
     <span class='ocr_line' id='line_1_7' title="bbox 196 861 1337 949; baseline -0.009 -17"><span class='ocrx_word' id='word_1_48' title='bbox 196 888 301 949; x_wconf 88' lang='lat' dir='ltr'><strong>neque</strong></span> <span class='ocrx_word' id='word_1_49' title='bbox 328 886 347 930; x_wconf 87' lang='lat' dir='ltr'><strong>a</strong></span> <span class='ocrx_word' id='word_1_50' title='bbox 375 885 411 928; x_wconf 86' lang='lat' dir='ltr'><strong>re</strong></span> <span class='ocrx_word' id='word_1_51' title='bbox 439 884 474 928; x_wconf 86' lang='lat' dir='ltr'><strong>se</strong></span> <span class='ocrx_word' id='word_1_52' title='bbox 503 861 700 926; x_wconf 84' lang='lat' dir='ltr'><strong>commendet</strong></span> <span class='ocrx_word' id='word_1_53' title='bbox 729 863 881 943; x_wconf 88' lang='lat' dir='ltr'><strong>scripture</strong></span> <span class='ocrx_word' id='word_1_54' title='bbox 910 862 1044 943; x_wconf 82' lang='lat' dir='ltr'><strong>vulgaris</strong></span> <span class='ocrx_word' id='word_1_55' title='bbox 1072 862 1122 924; x_wconf 80' lang='lat' dir='ltr'><strong>rel</strong></span> <span class='ocrx_word' id='word_1_56' title='bbox 1149 861 1213 922; x_wconf 81' lang='lat' dir='ltr'><strong>elie</strong></span> <span class='ocrx_word' id='word_1_57' title='bbox 1234 881 1337 942; x_wconf 84' lang='lat' dir='ltr'><strong>qnae-</strong></span> 
     </span>
     <span class='ocr_line' id='line_1_8' title="bbox 197 963 1338 1052; baseline -0.012 -16"><span class='ocrx_word' id='word_1_58' title='bbox 197 990 318 1052; x_wconf 86' lang='lat' dir='ltr'><strong>cunque</strong></span> <span class='ocrx_word' id='word_1_59' title='bbox 345 968 421 1032; x_wconf 89' lang='lat' dir='ltr'><strong>hnic</strong></span> <span class='ocrx_word' id='word_1_60' title='bbox 446 966 563 1030; x_wconf 86' lang='lat' dir='ltr'><strong>similis.</strong></span> <span class='ocrx_word' id='word_1_61' title='bbox 614 965 653 1025; x_wconf 88' lang='lat' dir='ltr'><strong>Et</strong></span> <span class='ocrx_word' id='word_1_62' title='bbox 681 965 815 1042; x_wconf 86' lang='lat' dir='ltr'><strong>primum</strong></span> <span class='ocrx_word' id='word_1_63' title='bbox 840 963 969 1046; x_wconf 86' lang='lat' dir='ltr'><strong>quidem</strong></span> <span class='ocrx_word' id='word_1_64' title='bbox 995 971 1139 1043; x_wconf 89' lang='lat' dir='ltr'><strong>respectu</strong></span> <span class='ocrx_word' id='word_1_65' title='bbox 1168 964 1338 1046; x_wconf 75' lang='lat' dir='ltr'><strong>Typhonis.</strong></span> 
     </span>
     <span class='ocr_line' id='line_1_9' title="bbox 196 1064 1338 1147; baseline -0.01 -11"><span class='ocrx_word' id='word_1_66' title='bbox 196 1075 260 1137; x_wconf 90' lang='lat' dir='ltr'><strong>lllis</strong></span> <span class='ocrx_word' id='word_1_67' title='bbox 289 1073 371 1134; x_wconf 88' lang='lat' dir='ltr'><strong>enim</strong></span> <span class='ocrx_word' id='word_1_68' title='bbox 400 1070 507 1133; x_wconf 84' lang='lat' dir='ltr'><strong>verbis</strong></span> <span class='ocrx_word' id='word_1_69' title='bbox 534 1067 645 1129; x_wconf 83' lang='lat' dir='ltr'><strong>mirum</strong></span> <span class='ocrx_word' id='word_1_70' title='bbox 676 1074 765 1128; x_wconf 87' lang='lat' dir='ltr'><strong>esset</strong></span> <span class='ocrx_word' id='word_1_71' title='bbox 788 1067 831 1130; x_wconf 90' lang='lat' dir='ltr'><strong>si.</strong></span> <span class='ocrx_word' id='word_1_72' title='bbox 845 1073 940 1147; x_wconf 86' lang='lat' dir='ltr'><strong>poete</strong></span> <span class='ocrx_word' id='word_1_73' title='bbox 970 1064 1145 1145; x_wconf 82' lang='lat' dir='ltr'><strong>exprimere</strong></span> <span class='ocrx_word' id='word_1_74' title='bbox 1172 1064 1338 1126; x_wconf 86' lang='lat' dir='ltr'><strong>voluisset:</strong></span> 
     </span>
     <span class='ocr_line' id='line_1_10' title="bbox 202 1163 1338 1256; baseline -0.004 -23"><span class='ocrx_word' id='word_1_75' title='bbox 202 1171 390 1256; x_wconf 76' lang='lat' dir='ltr'><strong>Typhonem</strong></span> <span class='ocrx_word' id='word_1_76' title='bbox 413 1191 448 1236; x_wconf 83' lang='lat' dir='ltr'><strong>se</strong></span> <span class='ocrx_word' id='word_1_77' title='bbox 471 1165 609 1252; x_wconf 80' lang='lat' dir='ltr'><strong>imperio</strong></span> <span class='ocrx_word' id='word_1_78' title='bbox 637 1166 786 1228; x_wconf 74' lang='lat' dir='ltr'><strong>eteniam</strong></span> <span class='ocrx_word' id='word_1_79' title='bbox 808 1163 946 1230; x_wconf 75' lang='lat' dir='ltr'><strong>deorum</strong></span> <span class='ocrx_word' id='word_1_80' title='bbox 973 1165 1178 1251; x_wconf 71' lang='lat' dir='ltr'><strong>opposuisscy</strong></span> <span class='ocrx_word' id='word_1_81' title='bbox 1211 1165 1283 1241; x_wconf 88' lang='lat' dir='ltr'><strong>sed,</strong></span> <span class='ocrx_word' id='word_1_82' title='bbox 1311 1168 1338 1228; x_wconf 89' lang='lat' dir='ltr'><strong>si</strong></span> 
     </span>
     <span class='ocr_line' id='line_1_11' title="bbox 197 1264 1337 1351; baseline -0.008 -14"><span class='ocrx_word' id='word_1_83' title='bbox 197 1276 238 1338; x_wconf 84' lang='lat' dir='ltr'><strong>ad</strong></span> <span class='ocrx_word' id='word_1_84' title='bbox 266 1275 371 1337; x_wconf 83' lang='lat' dir='ltr'><strong>vivum</strong></span> <span class='ocrx_word' id='word_1_85' title='bbox 401 1277 600 1343; x_wconf 75' lang='lat' dir='ltr'><strong>resecantur,</strong></span> <span class='ocrx_word' id='word_1_86' title='bbox 641 1267 776 1351; x_wconf 76' lang='lat' dir='ltr'><strong>Typhon</strong></span> <span class='ocrx_word' id='word_1_87' title='bbox 810 1267 922 1330; x_wconf 89' lang='lat' dir='ltr'><strong>dicitur</strong></span> <span class='ocrx_word' id='word_1_88' title='bbox 955 1264 1108 1331; x_wconf 80' lang='lat' dir='ltr'><strong>omnibus</strong></span> <span class='ocrx_word' id='word_1_89' title='bbox 1137 1266 1202 1330; x_wconf 79' lang='lat' dir='ltr'><strong>diis</strong></span> <span class='ocrx_word' id='word_1_90' title='bbox 1229 1268 1337 1351; x_wconf 74' lang='lat' dir='ltr'><strong>ipsam</strong></span> 
     </span>
     <span class='ocr_line' id='line_1_12' title="bbox 199 1369 1339 1450; baseline -0.006 -14"><span class='ocrx_word' id='word_1_91' title='bbox 199 1374 325 1436; x_wconf 76' lang='lat' dir='ltr'><strong>udor-tis</strong></span> <span class='ocrx_word' id='word_1_92' title='bbox 353 1372 520 1435; x_wconf 75' lang='lat' dir='ltr'><strong>restitisse.</strong></span> <span class='ocrx_word' id='word_1_93' title='bbox 570 1371 611 1432; x_wconf 76' lang='lat' dir='ltr'><strong>st</strong></span> <span class='ocrx_word' id='word_1_94' title='bbox 638 1370 701 1431; x_wconf 91' lang='lat' dir='ltr'><strong>hoc</strong></span> <span class='ocrx_word' id='word_1_95' title='bbox 729 1389 795 1433; x_wconf 88' lang='lat' dir='ltr'><strong>nou</strong></span> <span class='ocrx_word' id='word_1_96' title='bbox 824 1377 873 1432; x_wconf 90' lang='lat' dir='ltr'><strong>est</strong></span> <span class='ocrx_word' id='word_1_97' title='bbox 900 1387 1019 1430; x_wconf 87' lang='lat' dir='ltr'><strong>verum.</strong></span> <span class='ocrx_word' id='word_1_98' title='bbox 1070 1369 1175 1430; x_wconf 89' lang='lat' dir='ltr'><strong>Potius</strong></span> <span class='ocrx_word' id='word_1_99' title='bbox 1203 1369 1339 1450; x_wconf 86' lang='lat' dir='ltr'><strong>Typhon</strong></span> 
     </span>
     <span class='ocr_line' id='line_1_13' title="bbox 197 1468 1339 1556; baseline -0.011 -16"><span class='ocrx_word' id='word_1_100' title='bbox 197 1478 326 1540; x_wconf 82' lang='lat' dir='ltr'><strong>adortus</strong></span> <span class='ocrx_word' id='word_1_101' title='bbox 348 1482 397 1536; x_wconf 88' lang='lat' dir='ltr'><strong>est</strong></span> <span class='ocrx_word' id='word_1_102' title='bbox 413 1472 501 1534; x_wconf 88' lang='lat' dir='ltr'><strong>deos.</strong></span> <span class='ocrx_word' id='word_1_103' title='bbox 544 1472 583 1533; x_wconf 86' lang='lat' dir='ltr'><strong>Et</strong></span> <span class='ocrx_word' id='word_1_104' title='bbox 604 1472 637 1532; x_wconf 91' lang='lat' dir='ltr'><strong>iu</strong></span> <span class='ocrx_word' id='word_1_105' title='bbox 657 1471 836 1556; x_wconf 77' lang='lat' dir='ltr'><strong>theogonis,</strong></span> <span class='ocrx_word' id='word_1_106' title='bbox 853 1469 981 1551; x_wconf 87' lang='lat' dir='ltr'><strong>quidem</strong></span> <span class='ocrx_word' id='word_1_107' title='bbox 1001 1468 1153 1530; x_wconf 81' lang='lat' dir='ltr'><strong>Hesiodie</strong></span> <span class='ocrx_word' id='word_1_108' title='bbox 1175 1486 1246 1530; x_wconf 88' lang='lat' dir='ltr'><strong>eum</strong></span> <span class='ocrx_word' id='word_1_109' title='bbox 1269 1487 1339 1529; x_wconf 90' lang='lat' dir='ltr'><strong>cnm</strong></span> 
     </span>
     <span class='ocr_line' id='line_1_14' title="bbox 197 1570 1338 1654; baseline -0.01 -13"><span class='ocrx_word' id='word_1_110' title='bbox 197 1580 267 1642; x_wconf 88' lang='lat' dir='ltr'><strong>solo</strong></span> <span class='ocrx_word' id='word_1_111' title='bbox 285 1580 363 1638; x_wconf 87' lang='lat' dir='ltr'><strong>love</strong></span> <span class='ocrx_word' id='word_1_112' title='bbox 385 1573 426 1636; x_wconf 87' lang='lat' dir='ltr'><strong>(lc</strong></span> <span class='ocrx_word' id='word_1_113' title='bbox 446 1573 581 1653; x_wconf 88' lang='lat' dir='ltr'><strong>imperio</strong></span> <span class='ocrx_word' id='word_1_114' title='bbox 604 1573 784 1636; x_wconf 74' lang='lat' dir='ltr'><strong>decertasse</strong></span> <span class='ocrx_word' id='word_1_115' title='bbox 807 1571 950 1654; x_wconf 78' lang='lat' dir='ltr'><strong>lingitur3</strong></span> <span class='ocrx_word' id='word_1_116' title='bbox 975 1589 1034 1633; x_wconf 90' lang='lat' dir='ltr'><strong>nec</strong></span> <span class='ocrx_word' id='word_1_117' title='bbox 1054 1570 1160 1651; x_wconf 88' lang='lat' dir='ltr'><strong>plures</strong></span> <span class='ocrx_word' id='word_1_118' title='bbox 1178 1570 1338 1653; x_wconf 76' lang='lat' dir='ltr'><strong>Typhonis</strong></span> 
     </span>
     <span class='ocr_line' id='line_1_15' title="bbox 198 1665 1415 1764; baseline -0.003 -22"><span class='ocrx_word' id='word_1_119' title='bbox 198 1679 409 1743; x_wconf 80' lang='lat' dir='ltr'><strong>debellatores</strong></span> <span class='ocrx_word' id='word_1_120' title='bbox 432 1675 518 1738; x_wconf 85' lang='lat' dir='ltr'><strong>novit</strong></span> <span class='ocrx_word' id='word_1_121' title='bbox 540 1681 630 1738; x_wconf 85' lang='lat' dir='ltr'><strong>vetus</strong></span> <span class='ocrx_word' id='word_1_122' title='bbox 650 1673 850 1748; x_wconf 82' lang='lat' dir='ltr'><strong>scholiastes,</strong></span> <span class='ocrx_word' id='word_1_123' title='bbox 872 1673 927 1760; x_wconf 79' lang='lat' dir='ltr'><strong>qui</strong></span> <span class='ocrx_word' id='word_1_124' title='bbox 946 1673 986 1735; x_wconf 89' lang='lat' dir='ltr'><strong>de</strong></span> <span class='ocrx_word' id='word_1_125' title='bbox 1006 1673 1061 1733; x_wconf 86' lang='lat' dir='ltr'><strong>illc</strong></span> <span class='ocrx_word' id='word_1_126' title='bbox 1079 1673 1217 1754; x_wconf 87' lang='lat' dir='ltr'><strong>scripsit:</strong></span> <span class='ocrx_word' id='word_1_127' title='bbox 1241 1665 1339 1745; x_wconf 73' lang='lat' dir='ltr'><strong>neiron</strong></span> <span class='ocrx_word' id='word_1_128' title='bbox 1411 1752 1415 1764; x_wconf 35' lang='grc' dir='ltr'>Ι</span> 
     </span>
     <span class='ocr_line' id='line_1_16' title="bbox 199 1771 1338 1858; baseline -0.016 -8"><span class='ocrx_word' id='word_1_129' title='bbox 199 1775 455 1856; x_wconf 53' lang='lat' dir='ltr'><strong>attrectemus</strong></span> <span class='ocrx_word' id='word_1_130' title='bbox 485 1772 602 1858; x_wconf 78' lang='grc' dir='ltr'><strong><em>μάχην</em></strong></span> <span class='ocrx_word' id='word_1_131' title='bbox 633 1777 678 1855; x_wconf 78' lang='lat' dir='ltr'><strong>spi</strong></span> <span class='ocrx_word' id='word_1_132' title='bbox 708 1775 934 1854; x_wconf 77' lang='grc' dir='ltr'><strong><em>Διὶοονῆψο.</em></strong></span> <span class='ocrx_word' id='word_1_133' title='bbox 995 1772 1066 1834; x_wconf 83' lang='grc' dir='ltr'><strong>Νοο</strong></span> <span class='ocrx_word' id='word_1_134' title='bbox 1097 1771 1222 1848; x_wconf 89' lang='lat' dir='ltr'><strong>dubito,</strong></span> <span class='ocrx_word' id='word_1_135' title='bbox 1264 1774 1338 1853; x_wconf 88' lang='lat' dir='ltr'><strong>quin</strong></span> 
     </span>
     <span class='ocr_line' id='line_1_17' title="bbox 198 1873 1339 1964; baseline -0.007 -19"><span class='ocrx_word' id='word_1_136' title='bbox 198 1880 355 1964; x_wconf 75' lang='lat' dir='ltr'><strong>Aeschylo</strong></span> <span class='ocrx_word' id='word_1_137' title='bbox 386 1877 464 1942; x_wconf 86' lang='lat' dir='ltr'><strong>nihil</strong></span> <span class='ocrx_word' id='word_1_138' title='bbox 479 1876 551 1940; x_wconf 77' lang='lat' dir='ltr'><strong>‘nisi</strong></span> <span class='ocrx_word' id='word_1_139' title='bbox 583 1873 742 1958; x_wconf 78' lang='lat' dir='ltr'><strong>singulare</strong></span> <span class='ocrx_word' id='word_1_140' title='bbox 773 1874 935 1958; x_wconf 89' lang='lat' dir='ltr'><strong>Typhonis</strong></span> <span class='ocrx_word' id='word_1_141' title='bbox 969 1893 1039 1938; x_wconf 85' lang='lat' dir='ltr'><strong>cum</strong></span> <span class='ocrx_word' id='word_1_142' title='bbox 1068 1877 1146 1938; x_wconf 87' lang='lat' dir='ltr'><strong>Jove</strong></span> <span class='ocrx_word' id='word_1_143' title='bbox 1180 1885 1339 1940; x_wconf 86' lang='lat' dir='ltr'><strong>certamen</strong></span> 
     </span>
     <span class='ocr_line' id='line_1_18' title="bbox 199 1977 1338 2059; baseline 0 -17"><span class='ocrx_word' id='word_1_144' title='bbox 199 1988 308 2044; x_wconf 91' lang='lat' dir='ltr'><strong>notum</strong></span> <span class='ocrx_word' id='word_1_145' title='bbox 334 1979 438 2043; x_wconf 83' lang='lat' dir='ltr'><strong>inerit.</strong></span> <span class='ocrx_word' id='word_1_146' title='bbox 487 1979 579 2059; x_wconf 76' lang='lat' dir='ltr'><strong>Apud</strong></span> <span class='ocrx_word' id='word_1_147' title='bbox 606 1977 799 2040; x_wconf 81' lang='lat' dir='ltr'><strong>recentiores</strong></span> <span class='ocrx_word' id='word_1_148' title='bbox 829 1995 905 2040; x_wconf 89' lang='lat' dir='ltr'><strong>vcro</strong></span> <span class='ocrx_word' id='word_1_149' title='bbox 932 1979 1104 2059; x_wconf 85' lang='lat' dir='ltr'><strong>scriptores</strong></span> <span class='ocrx_word' id='word_1_150' title='bbox 1129 1997 1181 2040; x_wconf 85' lang='lat' dir='ltr'><strong>res</strong></span> <span class='ocrx_word' id='word_1_151' title='bbox 1208 1979 1254 2041; x_wconf 93' lang='lat' dir='ltr'><strong>sic</strong></span> <span class='ocrx_word' id='word_1_152' title='bbox 1275 1978 1338 2042; x_wconf 86' lang='lat' dir='ltr'><strong>de·</strong></span> 
     </span>
     <span class='ocr_line' id='line_1_19' title="bbox 169 2080 1340 2159; baseline -0.001 -16"><span class='ocrx_word' id='word_1_153' title='bbox 169 2115 171 2124; x_wconf 47' lang='lat' dir='ltr'>v</span> <span class='ocrx_word' id='word_1_154' title='bbox 198 2081 357 2154; x_wconf 84' lang='lat' dir='ltr'><strong>scribitur,</strong></span> <span class='ocrx_word' id='word_1_155' title='bbox 388 2087 422 2142; x_wconf 91' lang='lat' dir='ltr'><strong>ut</strong></span> <span class='ocrx_word' id='word_1_156' title='bbox 443 2080 537 2152; x_wconf 89' lang='lat' dir='ltr'><strong>deos,</strong></span> <span class='ocrx_word' id='word_1_157' title='bbox 567 2096 662 2158; x_wconf 84' lang='lat' dir='ltr'><strong>quum</strong></span> <span class='ocrx_word' id='word_1_158' title='bbox 684 2080 819 2159; x_wconf 90' lang='lat' dir='ltr'><strong>Typhon</strong></span> <span class='ocrx_word' id='word_1_159' title='bbox 841 2098 897 2140; x_wconf 90' lang='lat' dir='ltr'><strong>eos</strong></span> <span class='ocrx_word' id='word_1_160' title='bbox 920 2095 1086 2158; x_wconf 75' lang='lat' dir='ltr'><strong>eggressus</strong></span> <span class='ocrx_word' id='word_1_161' title='bbox 1109 2084 1206 2151; x_wconf 89' lang='lat' dir='ltr'><strong>esset,</strong></span> <span class='ocrx_word' id='word_1_162' title='bbox 1235 2082 1340 2142; x_wconf 83' lang='lat' dir='ltr'><strong>stetim</strong></span> 
     </span>
     <span class='ocr_line' id='line_1_20' title="bbox 197 2175 1340 2261; baseline -0.003 -16"><span class='ocrx_word' id='word_1_163' title='bbox 197 2183 229 2246; x_wconf 91' lang='lat' dir='ltr'><strong>iu</strong></span> <span class='ocrx_word' id='word_1_164' title='bbox 251 2181 358 2261; x_wconf 82' lang='lat' dir='ltr'><strong>fugem</strong></span> <span class='ocrx_word' id='word_1_165' title='bbox 379 2196 414 2238; x_wconf 88' lang='lat' dir='ltr'><strong>se</strong></span> <span class='ocrx_word' id='word_1_166' title='bbox 430 2177 554 2240; x_wconf 83' lang='lat' dir='ltr'><strong>dedisse</strong></span> <span class='ocrx_word' id='word_1_167' title='bbox 577 2177 716 2249; x_wconf 84' lang='lat' dir='ltr'><strong>tradent,</strong></span> <span class='ocrx_word' id='word_1_168' title='bbox 732 2209 774 2222; x_wconf 89' lang='lat'>-</span> <span class='ocrx_word' id='word_1_169' title='bbox 790 2194 851 2255; x_wconf 82' lang='lat' dir='ltr'><strong>que</strong></span> <span class='ocrx_word' id='word_1_170' title='bbox 873 2175 904 2236; x_wconf 90' lang='lat' dir='ltr'><strong>in</strong></span> <span class='ocrx_word' id='word_1_171' title='bbox 927 2195 962 2238; x_wconf 89' lang='lat' dir='ltr'><strong>re</strong></span> <span class='ocrx_word' id='word_1_172' title='bbox 985 2176 1162 2238; x_wconf 80' lang='lat' dir='ltr'><strong>enarranda</strong></span> <span class='ocrx_word' id='word_1_173' title='bbox 1183 2185 1263 2252; x_wconf 89' lang='lat' dir='ltr'><strong>suut,</strong></span> <span class='ocrx_word' id='word_1_174' title='bbox 1285 2181 1340 2258; x_wconf 87' lang='lat' dir='ltr'><strong>qui</strong></span> 
     </span>
     <span class='ocr_line' id='line_1_21' title="bbox 199 2277 1339 2358; baseline -0.004 -12"><span class='ocrx_word' id='word_1_175' title='bbox 199 2290 253 2346; x_wconf 86' lang='lat' dir='ltr'><strong>eut</strong></span> <span class='ocrx_word' id='word_1_176' title='bbox 267 2284 378 2344; x_wconf 86' lang='lat' dir='ltr'><strong>lovem</strong></span> <span class='ocrx_word' id='word_1_177' title='bbox 395 2281 497 2343; x_wconf 92' lang='lat' dir='ltr'><strong>solum</strong></span> <span class='ocrx_word' id='word_1_178' title='bbox 515 2286 569 2340; x_wconf 85' lang='lat' dir='ltr'><strong>eut</strong></span> <span class='ocrx_word' id='word_1_179' title='bbox 581 2280 692 2344; x_wconf 80' lang='lat' dir='ltr'><strong>Iovem</strong></span> <span class='ocrx_word' id='word_1_180' title='bbox 707 2285 740 2347; x_wconf 80' lang='lat' dir='ltr'><strong>et</strong></span> <span class='ocrx_word' id='word_1_181' title='bbox 754 2277 926 2345; x_wconf 82' lang='lat' dir='ltr'><strong>Minervam</strong></span> <span class='ocrx_word' id='word_1_182' title='bbox 942 2277 1106 2358; x_wconf 86' lang='lat' dir='ltr'><strong>excipient,</strong></span> <span class='ocrx_word' id='word_1_183' title='bbox 1121 2311 1162 2324; x_wconf 94' lang='lat'><em>—</em></span> <span class='ocrx_word' id='word_1_184' title='bbox 1185 2277 1226 2340; x_wconf 89' lang='lat' dir='ltr'><strong>ed</strong></span> <span class='ocrx_word' id='word_1_185' title='bbox 1242 2277 1339 2342; x_wconf 88' lang='lat' dir='ltr'><strong>finem</strong></span> 
     </span>
     <span class='ocr_line' id='line_1_22' title="bbox 199 2380 1339 2450; baseline -0.001 -4"><span class='ocrx_word' id='word_1_186' title='bbox 199 2393 303 2446; x_wconf 65' lang='lat' dir='ltr'><strong>nmen</strong></span> <span class='ocrx_word' id='word_1_187' title='bbox 323 2385 437 2446; x_wconf 87' lang='lat' dir='ltr'><strong>Jovem</strong></span> <span class='ocrx_word' id='word_1_188' title='bbox 465 2388 519 2444; x_wconf 85' lang='lat' dir='ltr'><strong>eut</strong></span> <span class='ocrx_word' id='word_1_189' title='bbox 545 2381 648 2445; x_wconf 86' lang='lat' dir='ltr'><strong>solum</strong></span> <span class='ocrx_word' id='word_1_190' title='bbox 679 2389 732 2444; x_wconf 86' lang='lat' dir='ltr'><strong>ent</strong></span> <span class='ocrx_word' id='word_1_191' title='bbox 760 2381 850 2445; x_wconf 89' lang='lat' dir='ltr'><strong>simul</strong></span> <span class='ocrx_word' id='word_1_192' title='bbox 880 2399 950 2444; x_wconf 88' lang='lat' dir='ltr'><strong>cum</strong></span> <span class='ocrx_word' id='word_1_193' title='bbox 977 2380 1119 2444; x_wconf 82' lang='lat' dir='ltr'><strong>Minerva</strong></span> <span class='ocrx_word' id='word_1_194' title='bbox 1145 2380 1339 2450; x_wconf 84' lang='lat' dir='ltr'><strong>horrendum</strong></span> 
     </span>
     <span class='ocr_line' id='line_1_23' title="bbox 199 2483 1339 2562; baseline 0 -14"><span class='ocrx_word' id='word_1_195' title='bbox 199 2487 275 2548; x_wconf 91' lang='lat' dir='ltr'><strong>illud</strong></span> <span class='ocrx_word' id='word_1_196' title='bbox 302 2494 473 2548; x_wconf 87' lang='lat' dir='ltr'><strong>monstrum</strong></span> <span class='ocrx_word' id='word_1_197' title='bbox 495 2484 649 2549; x_wconf 84' lang='lat' dir='ltr'><strong>devicisse</strong></span> <span class='ocrx_word' id='word_1_198' title='bbox 675 2493 770 2562; x_wconf 83' lang='lat' dir='ltr'><strong>etque</strong></span> <span class='ocrx_word' id='word_1_199' title='bbox 792 2484 961 2544; x_wconf 89' lang='lat' dir='ltr'><strong>domuisse.</strong></span> <span class='ocrx_word' id='word_1_200' title='bbox 1010 2483 1050 2541; x_wconf 87' lang='lat' dir='ltr'><strong>Et</strong></span> <span class='ocrx_word' id='word_1_201' title='bbox 1071 2484 1250 2562; x_wconf 83' lang='lat' dir='ltr'><strong>conspirent</strong></span> <span class='ocrx_word' id='word_1_202' title='bbox 1269 2487 1339 2548; x_wconf 83' lang='lat' dir='ltr'><strong>tere</strong></span> 
     </span>
     <span class='ocr_line' id='line_1_24' title="bbox 199 2581 1339 2666; baseline 0.001 -16"><span class='ocrx_word' id='word_1_203' title='bbox 199 2588 273 2651; x_wconf 85' lang='lat' dir='ltr'><strong>ertis</strong></span> <span class='ocrx_word' id='word_1_204' title='bbox 301 2588 447 2666; x_wconf 84' lang='lat' dir='ltr'><strong>autiquae</strong></span> <span class='ocrx_word' id='word_1_205' title='bbox 475 2590 691 2661; x_wconf 84' lang='lat' dir='ltr'><strong>monuments,</strong></span> <span class='ocrx_word' id='word_1_206' title='bbox 722 2583 763 2644; x_wconf 83' lang='lat' dir='ltr'><strong>tle</strong></span> <span class='ocrx_word' id='word_1_207' title='bbox 791 2583 902 2662; x_wconf 85' lang='lat' dir='ltr'><strong>quibus</strong></span> <span class='ocrx_word' id='word_1_208' title='bbox 931 2581 1007 2644; x_wconf 86' lang='lat' dir='ltr'><strong>dixit</strong></span> <span class='ocrx_word' id='word_1_209' title='bbox 1029 2581 1211 2646; x_wconf 82' lang='lat' dir='ltr'><strong>Gerherdus</strong></span> <span class='ocrx_word' id='word_1_210' title='bbox 1235 2589 1339 2650; x_wconf 77' lang='lat' dir='ltr'><strong>«Aus-</strong></span> 
     </span>
     <span class='ocr_line' id='line_1_25' title="bbox 200 2683 1340 2766; baseline 0.004 -18"><span class='ocrx_word' id='word_1_211' title='bbox 200 2687 342 2750; x_wconf 85' lang='lat' dir='ltr'><strong>erlesene</strong></span> <span class='ocrx_word' id='word_1_212' title='bbox 375 2684 576 2750; x_wconf 83' lang='lat' dir='ltr'><strong>Griechische</strong></span> <span class='ocrx_word' id='word_1_213' title='bbox 606 2683 855 2758; x_wconf 82' lang='lat' dir='ltr'><strong>Vescubilder,»</strong></span> <span class='ocrx_word' id='word_1_214' title='bbox 893 2685 928 2746; x_wconf 90' lang='lat' dir='ltr'><strong>T.</strong></span> <span class='ocrx_word' id='word_1_215' title='bbox 950 2684 974 2745; x_wconf 88' lang='lat' dir='ltr'><strong>l.</strong></span> <span class='ocrx_word' id='word_1_216' title='bbox 1004 2705 1035 2766; x_wconf 89' lang='lat' dir='ltr'><strong>p.</strong></span> <span class='ocrx_word' id='word_1_217' title='bbox 1059 2685 1110 2750; x_wconf 78' lang='lat'><strong>24.</strong></span> <span class='ocrx_word' id='word_1_218' title='bbox 1140 2686 1212 2750; x_wconf 84' lang='lat' dir='ltr'><strong>edu.</strong></span> <span class='ocrx_word' id='word_1_219' title='bbox 1236 2691 1277 2752; x_wconf 85' lang='lat' dir='ltr'><strong>ts</strong></span> <span class='ocrx_word' id='word_1_220' title='bbox 1308 2699 1340 2753; x_wconf 89' lang='lat' dir='ltr'><strong>et</strong></span> 
     </span>
     <span class='ocr_line' id='line_1_26' title="bbox 199 2787 1339 2871; baseline 0.001 -17"><span class='ocrx_word' id='word_1_221' title='bbox 199 2811 230 2871; x_wconf 92' lang='lat' dir='ltr'><strong>p.</strong></span> <span class='ocrx_word' id='word_1_222' title='bbox 246 2791 317 2856; x_wconf 79' lang='grc'>146,</span> <span class='ocrx_word' id='word_1_223' title='bbox 346 2789 418 2852; x_wconf 82' lang='lat' dir='ltr'><strong>adn.</strong></span> <span class='ocrx_word' id='word_1_224' title='bbox 436 2787 516 2862; x_wconf 82' lang='lat'><strong>232,</strong></span> <span class='ocrx_word' id='word_1_225' title='bbox 546 2802 735 2868; x_wconf 83' lang='lat' dir='ltr'><strong>quemquem</strong></span> <span class='ocrx_word' id='word_1_226' title='bbox 756 2805 820 2850; x_wconf 87' lang='lat' dir='ltr'><strong>uon</strong></span> <span class='ocrx_word' id='word_1_227' title='bbox 842 2787 1007 2850; x_wconf 86' lang='lat' dir='ltr'><strong>attendens</strong></span> <span class='ocrx_word' id='word_1_228' title='bbox 1029 2787 1071 2850; x_wconf 86' lang='lat' dir='ltr'><strong>ed</strong></span> <span class='ocrx_word' id='word_1_229' title='bbox 1092 2788 1176 2854; x_wconf 87' lang='lat' dir='ltr'><strong>huuc</strong></span> <span class='ocrx_word' id='word_1_230' title='bbox 1197 2797 1339 2854; x_wconf 82' lang='lat' dir='ltr'><strong>veterum</strong></span> 
     </span>
     <span class='ocr_line' id='line_1_27' title="bbox 199 2887 1339 2973; baseline 0.004 -19"><span class='ocrx_word' id='word_1_231' title='bbox 199 2893 386 2973; x_wconf 85' lang='lat' dir='ltr'><strong>scriptorum</strong></span> <span class='ocrx_word' id='word_1_232' title='bbox 408 2896 440 2952; x_wconf 91' lang='lat' dir='ltr'><strong>et</strong></span> <span class='ocrx_word' id='word_1_233' title='bbox 461 2887 614 2952; x_wconf 79' lang='lat' dir='ltr'><strong>artificum</strong></span> <span class='ocrx_word' id='word_1_234' title='bbox 640 2901 836 2954; x_wconf 84' lang='lat' dir='ltr'><strong>consensum.</strong></span> <span class='ocrx_word' id='word_1_235' title='bbox 889 2890 969 2952; x_wconf 86' lang='lat' dir='ltr'><strong>Turn</strong></span> <span class='ocrx_word' id='word_1_236' title='bbox 994 2907 1098 2970; x_wconf 84' lang='lat' dir='ltr'><strong>neque</strong></span> <span class='ocrx_word' id='word_1_237' title='bbox 1120 2891 1162 2952; x_wconf 85' lang='lat' dir='ltr'><strong>ed</strong></span> <span class='ocrx_word' id='word_1_238' title='bbox 1182 2893 1339 2957; x_wconf 71' lang='lat' dir='ltr'><strong>Atlantem</strong></span> 
     </span>
     <span class='ocr_line' id='line_1_28' title="bbox 198 2984 1339 3075; baseline 0.001 -20"><span class='ocrx_word' id='word_1_239' title='bbox 198 2994 281 3056; x_wconf 90' lang='lat' dir='ltr'><strong>bene</strong></span> <span class='ocrx_word' id='word_1_240' title='bbox 312 2991 466 3072; x_wconf 79' lang='lat' dir='ltr'><strong>quadrant</strong></span> <span class='ocrx_word' id='word_1_241' title='bbox 496 2990 594 3054; x_wconf 79' lang='lat' dir='ltr'><strong>verbs</strong></span> <span class='ocrx_word' id='word_1_242' title='bbox 625 2992 731 3057; x_wconf 72' lang='grc' dir='ltr'><strong><em>πᾶσιν</em></strong></span> <span class='ocrx_word' id='word_1_243' title='bbox 761 2984 797 3062; x_wconf 75' lang='lat' dir='ltr'><strong>ie</strong></span> <span class='ocrx_word' id='word_1_244' title='bbox 825 2984 969 3072; x_wconf 71' lang='grc' dir='ltr'><em>ἀντέστη</em></span> <span class='ocrx_word' id='word_1_245' title='bbox 996 2997 1091 3064; x_wconf 72' lang='grc' dir='ltr'><strong><em>θεοῖς</em></strong></span> <span class='ocrx_word' id='word_1_246' title='bbox 1115 2991 1171 3054; x_wconf 79' lang='lat' dir='ltr'><strong>ele.</strong></span> <span class='ocrx_word' id='word_1_247' title='bbox 1185 2995 1339 3075; x_wconf 78' lang='lat' dir='ltr'><strong>Typhone</strong></span> 
     </span>
     <span class='ocr_line' id='line_1_29' title="bbox 200 3091 1339 3176; baseline 0.001 -19"><span class='ocrx_word' id='word_1_248' title='bbox 200 3097 292 3157; x_wconf 86' lang='lat' dir='ltr'><strong>dieta.</strong></span> <span class='ocrx_word' id='word_1_249' title='bbox 341 3094 431 3156; x_wconf 89' lang='lat' dir='ltr'><strong>ltlum</strong></span> <span class='ocrx_word' id='word_1_250' title='bbox 456 3092 538 3154; x_wconf 86' lang='lat' dir='ltr'><strong>euim</strong></span> <span class='ocrx_word' id='word_1_251' title='bbox 559 3092 633 3154; x_wconf 87' lang='lat' dir='ltr'><strong>ideo</strong></span> <span class='ocrx_word' id='word_1_252' title='bbox 656 3092 896 3156; x_wconf 82' lang='lat' dir='ltr'><strong>commemorent</strong></span> <span class='ocrx_word' id='word_1_253' title='bbox 918 3091 1091 3166; x_wconf 84' lang='lat' dir='ltr'><strong>hocloco,</strong></span> <span class='ocrx_word' id='word_1_254' title='bbox 1120 3108 1223 3172; x_wconf 80' lang='lat' dir='ltr'><strong>neque</strong></span> <span class='ocrx_word' id='word_1_255' title='bbox 1245 3102 1339 3176; x_wconf 86' lang='lat' dir='ltr'><strong>etque</strong></span> 
     </span>
     <span class='ocr_line' id='line_1_30' title="bbox 113 3194 1339 3279; baseline 0.001 -20"><span class='ocrx_word' id='word_1_256' title='bbox 113 3271 117 3278; x_wconf 17' lang='grc' dir='ltr'>ι</span> <span class='ocrx_word' id='word_1_257' title='bbox 200 3199 299 3275; x_wconf 89' lang='lat' dir='ltr'><strong>hunc,</strong></span> <span class='ocrx_word' id='word_1_258' title='bbox 331 3198 417 3279; x_wconf 88' lang='lat' dir='ltr'><strong>quod</strong></span> <span class='ocrx_word' id='word_1_259' title='bbox 445 3204 553 3259; x_wconf 86' lang='lat' dir='ltr'><strong>contre</strong></span> <span class='ocrx_word' id='word_1_260' title='bbox 575 3197 654 3260; x_wconf 90' lang='lat' dir='ltr'><strong>deos</strong></span> <span class='ocrx_word' id='word_1_261' title='bbox 676 3195 909 3272; x_wconf 79' lang='lat' dir='ltr'><strong>debellaverat,</strong></span> <span class='ocrx_word' id='word_1_262' title='bbox 941 3211 1118 3277; x_wconf 82' lang='lat' dir='ltr'><strong>quenquam</strong></span> <span class='ocrx_word' id='word_1_263' title='bbox 1139 3194 1220 3258; x_wconf 88' lang='lat' dir='ltr'><strong>miro</strong></span> <span class='ocrx_word' id='word_1_264' title='bbox 1242 3198 1339 3260; x_wconf 86' lang='lat' dir='ltr'><strong>modo</strong></span> 
     </span>
     <span class='ocr_line' id='line_1_31' title="bbox 201 3296 1340 3380; baseline 0.003 -23"><span class='ocrx_word' id='word_1_265' title='bbox 201 3307 338 3377; x_wconf 87' lang='lat' dir='ltr'><strong>epoete</strong></span> <span class='ocrx_word' id='word_1_266' title='bbox 359 3319 399 3359; x_wconf 89' lang='lat' dir='ltr'><strong>ue</strong></span> <span class='ocrx_word' id='word_1_267' title='bbox 422 3300 522 3360; x_wconf 86' lang='lat' dir='ltr'><strong>verbo</strong></span> <span class='ocrx_word' id='word_1_268' title='bbox 545 3299 671 3378; x_wconf 89' lang='lat' dir='ltr'><strong>quidem</strong></span> <span class='ocrx_word' id='word_1_269' title='bbox 694 3305 742 3361; x_wconf 89' lang='lat' dir='ltr'><strong>est</strong></span> <span class='ocrx_word' id='word_1_270' title='bbox 762 3296 982 3380; x_wconf 83' lang='lat' dir='ltr'><strong>significatum,</strong></span> <span class='ocrx_word' id='word_1_271' title='bbox 1005 3304 1109 3358; x_wconf 88' lang='lat' dir='ltr'><strong>temen</strong></span> <span class='ocrx_word' id='word_1_272' title='bbox 1132 3296 1176 3369; x_wconf 91' lang='lat' dir='ltr'><strong>ei,</strong></span> <span class='ocrx_word' id='word_1_273' title='bbox 1192 3298 1244 3375; x_wconf 87' lang='lat' dir='ltr'><strong>qui</strong></span> <span class='ocrx_word' id='word_1_274' title='bbox 1261 3317 1340 3360; x_wconf 87' lang='lat' dir='ltr'><strong>seu-</strong></span> 
     </span>
     <span class='ocr_line' id='line_1_32' title="bbox 201 3396 1340 3469; baseline 0.003 -10"><span class='ocrx_word' id='word_1_275' title='bbox 201 3398 367 3459; x_wconf 84' lang='lat' dir='ltr'><strong>tentierum</strong></span> <span class='ocrx_word' id='word_1_276' title='bbox 389 3397 429 3458; x_wconf 87' lang='lat' dir='ltr'><strong>ed</strong></span> <span class='ocrx_word' id='word_1_277' title='bbox 451 3415 566 3460; x_wconf 85' lang='lat' dir='ltr'><strong>nexum</strong></span> <span class='ocrx_word' id='word_1_278' title='bbox 588 3397 725 3458; x_wconf 67' lang='lat' dir='ltr'><strong>menum</strong></span> <span class='ocrx_word' id='word_1_279' title='bbox 744 3397 931 3469; x_wconf 82' lang='lat' dir='ltr'><strong>adverterit,</strong></span> <span class='ocrx_word' id='word_1_280' title='bbox 954 3396 1082 3458; x_wconf 85' lang='lat' dir='ltr'><strong>dubium</strong></span> <span class='ocrx_word' id='word_1_281' title='bbox 1099 3415 1163 3458; x_wconf 90' lang='lat' dir='ltr'><strong>non</strong></span> <span class='ocrx_word' id='word_1_282' title='bbox 1183 3398 1249 3460; x_wconf 87' lang='lat' dir='ltr'><strong>erit.</strong></span> <span class='ocrx_word' id='word_1_283' title='bbox 1293 3399 1340 3462; x_wconf 89' lang='lat' dir='ltr'><strong>lte</strong></span> 
     </span>
     <span class='ocr_line' id='line_1_33' title="bbox 201 3495 1341 3578; baseline 0.003 -18"><span class='ocrx_word' id='word_1_284' title='bbox 201 3500 296 3562; x_wconf 85' lang='lat' dir='ltr'><strong>fuisse</strong></span> <span class='ocrx_word' id='word_1_285' title='bbox 318 3514 431 3560; x_wconf 81' lang='lat' dir='ltr'><strong>revere</strong></span> <span class='ocrx_word' id='word_1_286' title='bbox 448 3496 583 3577; x_wconf 74' lang='lat' dir='ltr'><strong>legimns</strong></span> <span class='ocrx_word' id='word_1_287' title='bbox 605 3495 690 3576; x_wconf 82' lang='lat' dir='ltr'><strong>apud</strong></span> <span class='ocrx_word' id='word_1_288' title='bbox 711 3496 867 3578; x_wconf 76' lang='lat' dir='ltr'><strong>Hyginum</strong></span> <span class='ocrx_word' id='word_1_289' title='bbox 889 3496 953 3558; x_wconf 81' lang='lat' dir='ltr'><strong>feb.</strong></span> <span class='ocrx_word' id='word_1_290' title='bbox 969 3497 1031 3560; x_wconf 80' lang='lat'><strong>150</strong></span> <span class='ocrx_word' id='word_1_291' title='bbox 1054 3503 1086 3558; x_wconf 90' lang='lat' dir='ltr'><strong>et</strong></span> <span class='ocrx_word' id='word_1_292' title='bbox 1103 3498 1188 3578; x_wconf 83' lang='lat' dir='ltr'><strong>apud</strong></span> <span class='ocrx_word' id='word_1_293' title='bbox 1207 3500 1341 3563; x_wconf 81' lang='lat' dir='ltr'><strong>alterum</strong></span> 
     </span>
     <span class='ocr_line' id='line_1_34' title="bbox 201 3596 1340 3681; baseline 0.002 -17"><span class='ocrx_word' id='word_1_294' title='bbox 201 3601 387 3681; x_wconf 83' lang='lat' dir='ltr'><strong>scriptorem</strong></span> <span class='ocrx_word' id='word_1_295' title='bbox 409 3617 515 3660; x_wconf 77' lang='lat' dir='ltr'><strong>renum</strong></span> <span class='ocrx_word' id='word_1_296' title='bbox 535 3596 743 3681; x_wconf 85' lang='lat' dir='ltr'><strong>mythicernm</strong></span> <span class='ocrx_word' id='word_1_297' title='bbox 764 3596 806 3658; x_wconf 87' lang='lat' dir='ltr'><strong>eb</strong></span> <span class='ocrx_word' id='word_1_298' title='bbox 823 3597 943 3680; x_wconf 69' lang='lat' dir='ltr'><strong>Angelo</strong></span> <span class='ocrx_word' id='word_1_299' title='bbox 960 3597 1045 3681; x_wconf 86' lang='lat' dir='ltr'><strong>hlejo</strong></span> <span class='ocrx_word' id='word_1_300' title='bbox 1065 3607 1097 3662; x_wconf 89' lang='lat' dir='ltr'><strong>et</strong></span> <span class='ocrx_word' id='word_1_301' title='bbox 1113 3608 1189 3681; x_wconf 85' lang='lat' dir='ltr'><strong>post</strong></span> <span class='ocrx_word' id='word_1_302' title='bbox 1203 3618 1223 3663; x_wconf 87' lang='lat' dir='ltr'><strong>e</strong></span> <span class='ocrx_word' id='word_1_303' title='bbox 1239 3603 1340 3668; x_wconf 84' lang='lat' dir='ltr'><strong>hodio</strong></span> 
     </span>
     <span class='ocr_line' id='line_1_35' title="bbox 198 3700 1341 3772; baseline 0.002 -6"><span class='ocrx_word' id='word_1_304' title='bbox 198 3703 319 3766; x_wconf 79' lang='lat' dir='ltr'><strong>editum</strong></span> <span class='ocrx_word' id='word_1_305' title='bbox 347 3703 411 3766; x_wconf 84' lang='lat' dir='ltr'><strong>teb.</strong></span> <span class='ocrx_word' id='word_1_306' title='bbox 428 3703 490 3765; x_wconf 77' lang='lat'><strong>5³..</strong></span> <span class='ocrx_word' id='word_1_307' title='bbox 509 3743 513 3754; x_wconf 82' lang='lat'><em>·</em></span> <span class='ocrx_word' id='word_1_308' title='bbox 535 3701 683 3766; x_wconf 70' lang='lat' dir='ltr'><strong>ennon</strong></span> <span class='ocrx_word' id='word_1_309' title='bbox 712 3706 818 3762; x_wconf 65' lang='lat' dir='ltr'><strong>amem</strong></span> <span class='ocrx_word' id='word_1_310' title='bbox 848 3700 934 3764; x_wconf 81' lang='lat' dir='ltr'><strong>htles</strong></span> <span class='ocrx_word' id='word_1_311' title='bbox 963 3701 1081 3764; x_wconf 86' lang='lat' dir='ltr'><strong>bellum</strong></span> <span class='ocrx_word' id='word_1_312' title='bbox 1110 3702 1166 3766; x_wconf 85' lang='lat' dir='ltr'><strong>ed.</strong></span> <span class='ocrx_word' id='word_1_313' title='bbox 1181 3703 1341 3772; x_wconf 71' lang='lat' dir='ltr'><strong>minim</strong></span> 
     </span>
     <span class='ocr_line' id='line_1_36' title="bbox 202 3801 1341 3887; baseline 0 -21"><span class='ocrx_word' id='word_1_314' title='bbox 202 3811 313 3872; x_wconf 81' lang='lat' dir='ltr'><strong>contre</strong></span> <span class='ocrx_word' id='word_1_315' title='bbox 342 3803 473 3866; x_wconf 83' lang='lat' dir='ltr'><strong>eosdem</strong></span> <span class='ocrx_word' id='word_1_316' title='bbox 503 3802 581 3864; x_wconf 84' lang='lat' dir='ltr'><strong>deos</strong></span> <span class='ocrx_word' id='word_1_317' title='bbox 613 3819 740 3877; x_wconf 87' lang='lat' dir='ltr'><strong>omnes,</strong></span> <span class='ocrx_word' id='word_1_318' title='bbox 757 3801 952 3882; x_wconf 64' lang='lat' dir='ltr'><strong>“quibuscum</strong></span> <span class='ocrx_word' id='word_1_319' title='bbox 973 3802 1108 3884; x_wconf 88' lang='lat' dir='ltr'><strong>Typhon</strong></span> <span class='ocrx_word' id='word_1_320' title='bbox 1136 3814 1341 3887; x_wconf 74' lang='lat' dir='ltr'><strong>pugnaverat.</strong></span> 
     </span>
     <span class='ocr_line' id='line_1_37' title="bbox 202 3898 1341 3988; baseline 0.012 -22"><span class='ocrx_word' id='word_1_321' title='bbox 202 3905 270 3966; x_wconf 80' lang='lat' dir='ltr'><strong>lem</strong></span> <span class='ocrx_word' id='word_1_322' title='bbox 286 3921 364 3966; x_wconf 77' lang='lat' dir='ltr'><strong>vero</strong></span> <span class='ocrx_word' id='word_1_323' title='bbox 381 3905 408 3966; x_wconf 87' lang='lat' dir='ltr'><strong>si</strong></span> <span class='ocrx_word' id='word_1_324' title='bbox 429 3912 525 3986; x_wconf 89' lang='lat' dir='ltr'><strong>poete</strong></span> <span class='ocrx_word' id='word_1_325' title='bbox 540 3904 727 3988; x_wconf 83' lang='lat' dir='ltr'><strong>Typhonem</strong></span> <span class='ocrx_word' id='word_1_326' title='bbox 744 3903 1004 3970; x_wconf 69' lang='lat' dir='ltr'><strong>dixisset-seriore</strong></span> <span class='ocrx_word' id='word_1_327' title='bbox 1018 3898 1217 3986; x_wconf 64' lang='grc' dir='ltr'><strong>ἀντιστῆναι</strong></span> <span class='ocrx_word' id='word_1_328' title='bbox 1233 3915 1341 3980; x_wconf 69' lang='grc' dir='ltr'><strong>θεοῖο,</strong></span> 
     </span>
     <span class='ocr_line' id='line_1_38' title="bbox 202 4004 1341 4087; baseline 0.002 -21"><span class='ocrx_word' id='word_1_329' title='bbox 202 4021 242 4066; x_wconf 88' lang='lat' dir='ltr'><strong>ea</strong></span> <span class='ocrx_word' id='word_1_330' title='bbox 269 4005 409 4079; x_wconf 79' lang='lat' dir='ltr'><strong>ratione,</strong></span> <span class='ocrx_word' id='word_1_331' title='bbox 444 4023 507 4084; x_wconf 83' lang='lat' dir='ltr'><strong>qne</strong></span> <span class='ocrx_word' id='word_1_332' title='bbox 533 4005 614 4067; x_wconf 86' lang='lat' dir='ltr'><strong>heec</strong></span> <span class='ocrx_word' id='word_1_333' title='bbox 641 4005 740 4070; x_wconf 84' lang='lat' dir='ltr'><strong>rerba</strong></span> <span class='ocrx_word' id='word_1_334' title='bbox 767 4004 899 4087; x_wconf 87' lang='lat' dir='ltr'><strong>subjecit</strong></span> <span class='ocrx_word' id='word_1_335' title='bbox 927 4004 980 4079; x_wconf 86' lang='lat' dir='ltr'><strong>iis,</strong></span> <span class='ocrx_word' id='word_1_336' title='bbox 1009 4005 1123 4085; x_wconf 74' lang='lat' dir='ltr'><strong>quihus</strong></span> <span class='ocrx_word' id='word_1_337' title='bbox 1150 4005 1191 4072; x_wconf 85' lang='lat' dir='ltr'><strong>(lc</strong></span> <span class='ocrx_word' id='word_1_338' title='bbox 1218 4009 1341 4076; x_wconf 60' lang='lat' dir='ltr'><strong>demto</strong></span> 
     </span>
     <span class='ocr_line' id='line_1_39' title="bbox 203 4103 1342 4190; baseline 0.002 -22"><span class='ocrx_word' id='word_1_339' title='bbox 203 4103 281 4186; x_wconf 85' lang='lat' dir='ltr'><strong>egit,</strong></span> <span class='ocrx_word' id='word_1_340' title='bbox 309 4105 528 4186; x_wconf 79' lang='lat' dir='ltr'><strong>significasset,</strong></span> <span class='ocrx_word' id='word_1_341' title='bbox 556 4106 640 4170; x_wconf 89' lang='lat' dir='ltr'><strong>huuc</strong></span> <span class='ocrx_word' id='word_1_342' title='bbox 660 4125 725 4170; x_wconf 86' lang='lat' dir='ltr'><strong>non</strong></span> <span class='ocrx_word' id='word_1_343' title='bbox 746 4104 877 4172; x_wconf 78' lang='lat' dir='ltr'><strong>totidem</strong></span> <span class='ocrx_word' id='word_1_344' title='bbox 899 4105 956 4172; x_wconf 83' lang='lat' dir='ltr'><strong>diis</strong></span> <span class='ocrx_word' id='word_1_345' title='bbox 978 4125 1014 4172; x_wconf 89' lang='lat' dir='ltr'><strong>se</strong></span> <span class='ocrx_word' id='word_1_346' title='bbox 1036 4110 1342 4190; x_wconf 62' lang='lat' dir='ltr'><strong>opportuneque</strong></span> 
     </span>
     <span class='ocr_line' id='line_1_40' title="bbox 204 4207 1341 4305; baseline 0 -31"><span class='ocrx_word' id='word_1_347' title='bbox 204 4208 399 4289; x_wconf 78' lang='lat' dir='ltr'><strong>Typhonem.</strong></span> <span class='ocrx_word' id='word_1_348' title='bbox 450 4207 545 4282; x_wconf 84' lang='lat' dir='ltr'><strong>Quod</strong></span> <span class='ocrx_word' id='word_1_349' title='bbox 566 4227 640 4274; x_wconf 85' lang='lat' dir='ltr'><strong>uum</strong></span> <span class='ocrx_word' id='word_1_350' title='bbox 658 4210 738 4273; x_wconf 77' lang='lat' dir='ltr'><strong>turri</strong></span> <span class='ocrx_word' id='word_1_351' title='bbox 760 4209 859 4292; x_wconf 82' lang='lat' dir='ltr'><strong>possit</strong></span> <span class='ocrx_word' id='word_1_352' title='bbox 879 4210 1084 4305; x_wconf 71' lang='lat' dir='ltr'><strong>vehementer</strong></span> <span class='ocrx_word' id='word_1_353' title='bbox 1106 4211 1225 4278; x_wconf 81' lang='lat' dir='ltr'><strong>dubite-</strong></span> <span class='ocrx_word' id='word_1_354' title='bbox 1275 4211 1341 4274; x_wconf 77' lang='lat' dir='ltr'><strong>lte:</strong></span> 
     </span>
    </p>
   </div>
   <div class='ocr_carea' id='block_1_5' title="bbox 0 0 1468 4672">
    <p class='ocr_par' dir='ltr' id='par_1_5' title="bbox 0 0 1468 4672">
     <span class='ocr_line' id='line_1_41' title="bbox 0 0 1468 4672; baseline 0 0"><span class='ocrx_word' id='word_1_355' title='bbox 0 0 1468 4672; x_wconf 95' lang='lat' dir='ltr'><strong> </strong></span> 
     </span>
    </p>
   </div>
  </div>
 </body>
</html>
