2910 4672
593 165 807 226 -5-

669 333 816 414 IL'

552 465 719 516 Emendalnr
743 461 790 515 Vs.
811 461 857 513 49.

568 589 836 660 ΗΦΑΙΣΤΟΣ.

256 691 309 766 Ὢ
335 689 445 765 πολλοὶ
472 702 655 782 μισηθεῖσα
680 691 885 784 χειρωναξία.

593 816 809 896 ΚΡΑΤΟΣ.

251 921 311 1014 ιΤι’
334 943 389 988 νιν
410 932 557 1006 ostryam
587 916 704 985 πόνον
722 910 807 1002 γάρ,
833 911 877 990 oie
898 909 992 996 ἄπλρῖ
1013 905 1114 996 λόγῳ,

260 1021 328 1086 τῶν
354 1021 421 1090 νῦν
447 1019 624 1106 παρόντων
649 1013 750 1088 οὐδὲν
777 1016 874 1089 αἰτία
896 1014 1009 1102 τέχνη.

568 1135 839 1205 ΗΦΛΙΣΤΟΣ.

256 1234 403 1325 ”Eponae
426 1240 480 1316 cic
505 1230 614 1322 αὐτὴν
639 1235 741 1314 ἄλλον
766 1235 893 1321 ὤφελεν
919 1236 1045 1321 λαχεῖν.

595 1355 813 1424 ΚΡΑΤΟΣ.
879 1356 881 1361 ’
1013 1351 1015 1356 ’

255 1454 410 1530 ‘anorc’
435 1452 596 1572 ἐπράχθη
625 1455 717 1537 πλὴν
741 1468 847 1529 θεοῖσι
874 1464 1054 1540 κοιρανεῖν.

261 1553 468 1641 Ἐλεύθεροι
490 1577 557 1638 γαρ
580 1550 676 1629 οὔπα
700 1556 769 1624 toci
796 1554 889 1641 πλήν
915 1551 1005 1627 Διός.
1237 1549 1280 1611 50

572 1671 842 1741 ΗΦΑΙΣΤΟΣ.

194 1801 198 1812 -
258 1763 415 1857 Ἒγναιια
442 1775 549 1849 scucos
576 1771 699 1843 κούδὲν
725 1767 901 1846 ἀντειπεῖν
926 1779 998 1862 ἔχω·

222 1889 340 1952 Versus
353 1873 398 1954 ta
413 1911 508 1973 quum
525 1894 579 1957 diu
595 1895 627 1957 in
645 1895 855 1977 suspicionem
873 1900 957 1957 esset
973 1896 1101 1953 vocatus
1119 1895 1151 1951 et
1165 1907 1280 1970 magno

139 1990 299 2072 multoque
322 2011 421 2074 opere
442 2001 577 2057 tentatus
599 2013 618 2056 a
640 1996 713 2057 viris
735 1995 850 2070 doctis,
882 1991 1061 2076 nuperrime
1090 1990 1281 2063 exstiterunt,

140 2092 192 2173 qui
206 2095 334 2156 omnino
349 2113 460 2157 sanum
475 2113 545 2158 esse
561 2107 735 2160 censerent.
777 2097 817 2160 Et
829 2095 959 2159 Carolus
975 2093 1102 2175 quidem
1115 2092 1281 2155 Winckel-

139 2213 269 2257 mannus
286 2196 318 2258 in
337 2197 637 2264 «observationibus
654 2201 686 2262 in
702 2200 791 2262 locos
810 2199 929 2280 aliquot
942 2197 1122 2260 Promethei
1136 2195 1281 2280 Aeschy-

139 2298 216 2373 terp
240 2297 420 2380 Soliquellis
443 2319 472 2362 a.
489 2303 573 2366 1834
594 2305 626 2366 in
646 2301 750 2365 lucem
772 2301 908 2377 emissis,
930 2299 992 2382 p.2
1007 2321 1063 2381 sq„
1085 2299 1227 2363 versibus
1241 2297 1282 2360 ta

140 2408 172 2462 et
199 2400 242 2462 50
270 2402 352 2464 hane
378 2404 508 2466 subesse
539 2414 646 2468 censet
675 2405 877 2468 sententiam:
918 2403 1056 2464 «οιαπὶα
1083 2401 1282 2488 efficiuntur,

138 2512 373 2598 praeterquam
402 2505 493 2601 quod
522 2527 542 2570 α
573 2507 638 2572 diis
666 2529 737 2571 ποπ
764 2505 921 2594 efficitur,
959 2513 998 2569 ut
1025 2525 1087 2568 suo
1115 2499 1282 2566 arbitratu

140 2613 260 2693 αραπῖ;
283 2603 367 2671 liber
382 2609 472 2672 enim
488 2619 623 2696 praeter
636 2608 756 2674 Joocm
774 2616 823 2673 est
842 2627 967 2671 cremo.»
1014 2598 1283 2668 Constructionem

142 2728 249 2772 versus
266 2711 308 2773 49
329 2710 413 2774 hanc
435 2731 522 2775 esse:
538 2709 700 2781 ‘'Anaru'
722 2707 849 2796 (ἅπασι)
873 2707 965 2794 πλῆν
986 2717 1103 2782 θεοῖοιΙ
1118 2689 1294 2791 κοιρανεῖν

141 2807 310 2900 ἐπράχθη.
353 2815 511 2879 Aoi-istum
532 2813 691 2905 ἐπράχθη
712 2835 780 2878 rem
803 2835 860 2877 usu
882 2812 1038 2896 cognitam
1059 2807 1284 2894 significantem

141 2915 240 2991 idem,
271 2916 357 2996 qnod
380 2913 542 2995 δύναται,
568 2919 692 2996 valere,
718 2919 841 2982 sedita
863 2916 972 2980 atille
993 2935 1061 2978 rem
1083 2911 1124 2976 ad
1146 2911 1283 2976 creden-

142 3018 216 3079 dum
230 3017 415 3082 'faciliorem
442 3017 563 3084 reddat.
614 3019 677 3083 Cur
698 3031 868 3103 κοιρανεῖν
894 3015 1085 3081 converterit
1104 3015 1167 3076 ἐαο
1189 3009 1285 3074 urbi-
1327 3087 1329 3092 ι

143 3120 242 3199 trata]
254 3139 354 3205 opere
370 3122 451 3184 haee
469 3125 561 3185 affert
574 3121 869 3186 Winckelmannus:
895 3109 1079 3202 «primumn
1104 3116 1155 3190 ait,
1181 3113 1286 3196 «quod

143 3239 237 3283 versu
258 3231 425 3304 sequente,
457 3223 572 3306 quippe
602 3223 654 3304 qui
684 3223 776 3307 hujus
808 3238 934 3284 causam
963 3219 1137 3293 contineat,
1167 3216 1287 3299 Jupiter
1382 3207 1385 3214 ’

143 3341 206 3384 non
229 3341 291 3386 rex
312 3322 370 3385 sed
392 3321 476 3388 iiber
498 3343 568 3388 eam
590 3327 691 3410 ipsam
714 3324 755 3387 ob
779 3341 920 3400 causam,
952 3321 1026 3404 quia
1048 3319 1087 3382 de
1115 3320 1228 3382 eadem
1249 3339 1285 3380 re

141 3425 205 3487 hoc
232 3444 325 3488 versu
353 3425 468 3490 dictum
495 3429 549 3504 sit,
580 3427 732 3512 appellari
754 3426 891 3506 videtur3
921 3417 1034 3488 deinde
1057 3421 1158 3506 quod,
1190 3441 1286 3503 quum

139 3526 284 3614 prandere
306 3526 347 3590 ab
368 3527 482 3622 aliquo
499 3527 554 3593 vel
573 3551 626 3594 res
647 3527 701 3594 vel
721 3528 872 3594 tremisses
893 3529 957 3591 hoc
972 3525 1105 3591 verbum
1122 3521 1285 3608 significet,

141 3631 185 3707 is,
208 3652 230 3693 α
253 3652 318 3725 quo
341 3651 411 3692 ιιοα
432 3627 564 3695 alienae
585 3631 718 3722 quidem
738 3628 797 3695 sed
818 3637 931 3693 tamen
952 3647 1034 3691 suae
1057 3646 1111 3690 res
1130 3622 1284 3712 pendent,

142 3736 185 3814 si,
215 3735 248 3799 id
271 3733 356 3815 quod
378 3733 533 3797 hocloco
556 3733 608 3810 iit,
640 3755 679 3797 ex
700 3735 768 3816 ipsa
790 3732 944 3796 sententia
965 3731 998 3794 id
1020 3736 1167 3814 apparet,
1198 3737 1284 3794 recte

142 3838 253 3901 dicitur
274 3849 468 3921 κοιρανεῖν.»
524 3836 640 3901 Contra
670 3835 880 3900 Schneiderus
902 3833 947 3896 sic
976 3835 1196 3915 interpretatus
1220 3843 1283 3898 est:

77 3949 83 3970 '
144 3941 240 4004 «alles
263 3939 401 4021 geschah
425 3939 522 4024 (ward
544 3940 594 4003 dir
615 3960 652 4003 zu
671 3938 775 4023 Theil)
799 3957 909 4001 ausser
930 3938 993 4000 den
1010 3938 1140 4002 Gottem
1162 3958 1200 3999 zu
1221 3936 1283 3998 be-

142 4042 249 4106 sehlen
279 4040 356 4124 (uvas
385 4041 454 4105 blos
484 4042 539 4105 des
562 4042 641 4106 Zeus
665 4043 766 4106 Sache
795 4043 849 4118 ist,
879 4062 915 4104 so
944 4041 1016 4107 dass
1045 4041 1088 4104 du
1116 4041 1187 4102 dieh
1216 4039 1283 4101 also

143 4147 222 4209 iiber
244 4145 318 4208 dein
332 4145 416 4207 Loos
435 4143 520 4208 nieht
537 4165 573 4208 zu
590 4145 746 4229 beklagen
762 4143 876 4229 hasti»
922 4145 1069 4208 Similiter
1086 4143 1283 4206 Bellmannus

140 4252 173 4314 in
202 4247 302 4325 libro,
343 4267 436 4331 quem
472 4245 512 4311 de
540 4245 698 4334 Aeschyli
731 4248 883 4314 ῖονιιίοιιε
911 4243 1108 4313 hemeraeo
1141 4238 1263 4322 scripsit
