2910 4672
545 165 760 230 ...ΖΙ-

5 337 7 392 l
85 327 142 392 der
155 329 364 418 dichterische
375 332 426 406 iol,
440 331 572 396 noculo
583 328 835 397 anatomisclrco
846 327 1032 394 in'Hinsicht
1042 328 1101 392 der
1108 329 1226 395 Numen

5 471 6 482 α
86 432 142 494 der
165 431 226 495 den
243 431 374 500 Glittern
395 453 434 496 zu
456 433 643 498 weihcnden
661 434 783 500 Theile.
825 433 1004 497 Besontlers
1027 431 1151 513 vichtig
1172 427 1228 496 z'ur

5 561 6 598 r
85 533 260 616 Erkliirong
281 534 345 596 und
361 537 588 620 Widerlegung
609 536 722 618 irriger
743 534 912 608 Ansichten
933 535 974 604 ist
994 533 1052 597 der
1068 533 1226 610 Urnstand,

5 695 6 698 ,
87 635 157 700 dass
185 637 332 704 nouere
354 638 468 702 Worte
496 637 571 704 bald
599 657 672 700 vom
693 637 862 711 Knochcn,
893 636 968 698 bald
996 622 1136 718 zugleich
1164 655 1226 698 von

85 736 375 825 dennuicgcnocn
395 739 635 806 Floischtlreilen
657 740 831 822 gebraucht
851 737 1014 812 werden.»
1046 745 1093 814 ot,
1121 737 1227 803 aduo-

85 843 203 907 tatione
228 845 266 908 4:
300 829 380 912 illic
409 841 750 907 uouisscnschaltlicho
777 840 957 922 Spracha»
991 839 1106 920 inquit,
1141 841 1227 902 «be-

85 944 227 1009 zeichuet
248 965 346 1029 ganza
368 947 540 1034 chiorteo
562 946 618 1010 urit
637 947 742 1010 *ornem
764 946 887 1008 Wortc.
938 944 1012 1006 wic
1038 945 1160 1028 μηρσί,
1189 965 1227 1008 so
1295 977 1298 986 =

86 1049 285 1115 unbestirnrnt
310 1050 418 1136 ἰσχία,
448 1049 565 1116 Hntton
581 1047 656 1117 :und
682 1055 787 1123 nates„
819 1041 1147 1132 o’o2p15s,'K1·eu2b0in
1173 1048 1229 1112 nit

85 1151 164 1213 oder
194 1151 278 1230 ohne
305 1153 439 1228 Ilankcn
467 1143 697 1217 und·Lenden.
749 1151 792 1212 So
821 1148 928 1224 σῦλα,
960 1147 1059 1229 σκέλη
1085 1167 1225 1210 narr.»

84 1247 313 1337 Contrnlrprio
338 1246 462 1318 lacoon
487 1271 551 1314 uon
573 1250 728 1333 significat
749 1251 808 1313 nisi
830 1268 959 1314 merum
981 1266 1028 1308 os.
1072 1249 1119 1308 Dc
1142 1267 1227 1328 quo-

82 1373 152 1415 rum
180 1355 211 1418 vi
238 1353 464 1416 vocabulorum
494 1361 526 1416 et
553 1353 706 1430 relatione
743 1352 784 1412 ad
818 1369 930 1412 vocem
966 1346 1071 1431 ὀσφῦς
1100 1360 1229 1431 praeter

84 1470 138 1527 ea,
170 1473 252 1533 quac
276 1456 343 1537 jam
370 1471 465 1534 supra
493 1452 627 1534 allegata
653 1458 740 1525 suut,
772 1450 898 1534 dignum
927 1450 1020 1510 etiam
1049 1458 1110 1527 est,
1141 1454 1227 1534 quod

83 1555 279 1625 consulatur,
305 1555 405 1614 schol.
427 1555 467 1612 ad
491 1553 649 1615 Theocriti
671 1552 717 1614 ld.
739 1554 795 1628 Vl,
812 1553 872 1615 30:
894 1547 1000 1638 Ἰσχία
1022 1551 1058 1626 δὲ
1080 1547 1121 1618 τοὶ
1144 1548 1228 1622 aino
1284 1591 1287 1598 ⁴

82 1649 157 1738 τὴν
176 1654 310 1738 ὀσφῦν
331 1659 365 1730 ἐξ
383 1655 547 1739 ἑκατέρων
569 1657 636 1721 νῦν
658 1657 771 1740 ,ωερῦν
792 1649 893 1732 ὀστσῐ,
919 1658 957 1720 ἐν
979 1651 1029 1726 οῖς
1051 1649 1228 1724 ἀπόκειται

82 1751 124 1822 τό
146 1749 235 1842 ἱερὸν
257 1759 389 1823 οστοῦν.
432 1755 669 1819 accuratissime
691 1778 770 1821 vero
793 1758 886 1821 etiam
909 1756 949 1820 de
971 1773 1062 1817 sacro
1086 1775 1142 1819 ore
1166 1760 1229 1842 egit

79 1857 208 1934 Pollux,
230 1866 304 1940 post
319 1859 389 1934 illa,
413 1878 493 1939 quae
511 1879 607 1941 snpra
624 1860 665 1922 ad
683 1861 900 1930 illustrandum
918 1858 1106 1925 vocabulum
1122 1852 1229 1942 ὀσφῦς

82 1961 166 2044 typis
190 1960 372 2023 excudenda
394 1963 583 2038 curavimus,
605 1964 648 2026 ita
668 1982 805 2046 pergens
827 1981 925 2044 segur.
937 1961 1003 2024 182
1019 1968 1050 2022 ct
1069 1961 1147 2024 183:
1171 1970 1228 2029 ἵνα

83 2066 121 2148 δὲ
145 2069 176 2144 οἱ
198 2059 385 2150 σφόνδυλον
402 2059 963 2148 κακαλήγονοιν,.ἱκρόν,ὀστοῦν
985 2064 1149 2135 καλεῖται·
1163 2065 1227 2141 ,καὶ

84 2165 222 2254 ἄρχεται
241 2169 309 2252 μὲν
333 2169 365 2244 ἐξ
392 2158 575 2254 εὐρύτητος
596 2159 666 2234 ῦπό
690 2163 759 2248 τὴνἱ
776 2159 893 2253 ῥάχιν,
922 2156 1171 2234 ῦωοοτενοῦκκι
1192 2166 1228 2234 δὲ

83 2262 170 2339 κακοὶ
193 2261 256 2356 τὴν
277 2265 421 2351 κόκκυγα
443 2265 672 2351 καλούμενον,
692 2262 730 2342 ὃς
751 2267 810 2332 καὶ
828 2261 1035 2350 σφονδύλων
1055 2269 1111 2334 καὶ
1133 2261 1230 2356 ὀρρο-

83 2369 214 2456 πῦγρον
237 2363 450 2452 ὀνομάζεται·
473 2357 514 2433 οῦ
536 2366 574 2434 cri
596 2361 767 2452 ῦτιεράνω,
787 2364 893 2450 ὀσφῦς
910 2401 953 2414 -
966 2370 1030 2436 croi
1052 2368 1087 2448 lt
1108 2374 1161 2440 καὶ
1184 2367 1228 2438 τὸ

5 2495 7 2500 ·
83 2463 207 2556 ἱερὸν
240 2463 397 2538 ὀστοῦν
429 2462 450 2536 ὀ
481 2463 642 2554 τρητός
680 2463 835 2546 κόκκυξ
866 2469 1030 2537 καλεῖται·
1073 2472 1130 2540 καί
1160 2478 1230 2540 ἐστι

84 2569 224 2656 πάντων
256 2574 426 2660 μέγιστον.
454 2607 498 2621 -·
549 2575 618 2655 laur
651 2581 686 2639 ut
716 2571 845 2646 redeat,
883 2572 967 2645 unde
998 2573 1139 2656 digressa
1169 2583 1230 2652 ost,

84 2679 206 2754 oratio,
242 2683 291 2738 est
320 2696 397 2760 ergo
425 2677 519 2761 lrujus
547 2676 714 2740 locutionis
745 2676 786 2740 ad
815 2676 899 2740 illam
921 2676 1003 2741 haec
1029 2678 1157 2756 relatio,
1186 2689 1229 2757 ut,

84 2781 226 2864 quamvis
259 2777 350 2862 ἱερὸν
380 2773 504 2848 ὀστοῦν
543 2781 627 2864 apud
664 2779 824 2843 technicos
856 2781 1029 2842 accuratius
1062 2783 1228 2864 loquentes
1289 2774 1293 2782 ’

83 2887 280 2949 discernatur
302 2885 342 2946 ab
366 2900 418 2958 ea,
441 2900 535 2964 quam
552 2877 661 2966 ὀσφῦν
679 2889 808 2957 vocant,
830 2883 1039 2963 tarnenapud
1056 2885 1227 2966 scriptores

82 3010 177 3054 usum
206 2987 419 3068 quotidianum
451 2992 618 3066 sequentes
648 2985 835 3046 vocabulum
865 2977 969 3068 ὀσφῦς
999 2993 1033 3047 ut
1061 2986 1228 3067 plurimum

83 3091 241 3173 significet
269 3098 373 3153 tolum
405 3088 496 3170 quid,
538 3087 624 3169 cujus
659 3103 741 3170 pore
777 3086 933 3167 quaedam
965 3105 1005 3152 ex
1035 3105 1124 3151 mero
1153 3105 1229 3151 osso

85 3199 234 3258 constans
256 3197 305 3252 est
328 3182 419 3270 ἱερὸν
444 3183 577 3258 ὀστοῦν.
626 3189 721 3264 Quod
742 3207 820 3253 vero
843 3187 884 3250 ad
911 3195 1071 3253 auctorem
1093 3191 1230 3274 Elymn-

81 3294 182 3376 logici
203 3291 308 3374 Μαρσὶ
330 3289 439 3354 attinet
459 3307 582 3358 sacrum
606 3309 642 3351 os
665 3307 811 3372 magnum
837 3309 907 3354 csse
934 3290 1099 3368 tradentis,
1112 3316 1117 3328 ¹
1130 3293 1230 3361 videri

82 3397 213 3482 qrrideor
234 3400 339 3477 potest
359 3392 441 3454 hacc
461 3392 572 3461 notitia
594 3411 634 3457 ex
653 3392 733 3456 salsa
753 3394 1011 3476 interpretatione
1034 3397 1120 3460 vocis
1138 3392 1229 3479 ἱερὸν

80 3499 227 3572 fluxisse,
242 3531 284 3546 -·
301 3512 377 3558 vera
400 3495 482 3558 enirn
503 3494 615 3576 procul
636 3495 733 3560 dubio
757 3515 796 3558 ea
812 3497 978 3565 locutionis
996 3491 1086 3580 ἱερὸν
1103 3495 1229 3568 ὀστοῦν

81 3599 251 3684 explicatio
275 3604 338 3671 est,
366 3617 459 3680 quam
480 3597 564 3662 idern
587 3601 804 3680 grammaticus
828 3602 929 3662 attulit
952 3601 1000 3662 his
1023 3601 1146 3665 verbis:
1174 3597 1228 3668 ὅτι

79 3712 301 3788 ἱερονργοῖτκι
323 3711 392 3772 τοῖς
415 3706 521 3774 θοοῖς,
543 3733 584 3746 -··
608 3701 665 3765 sed
688 3702 780 3764 claris
802 3703 907 3764 verbis
928 3701 1014 3764 idern
1035 3703 1106 3764 lere
1127 3711 1227 3770 testu-

82 3816 134 3870 tus
154 3813 203 3882 est
222 3804 348 3878 Pollux,
378 3810 409 3864 et
430 3801 538 3866 docuit
565 3821 615 3862 me
638 3803 685 3865 vir
707 3803 856 3866 naturalis
884 3803 1036 3868 historiae
1058 3804 1230 3871 admodum,

81 3909 219 3992 peritus,
252 3923 365 3968 revera
392 3924 516 3970 sacrum
539 3925 575 3968 os
604 3907 678 3968 satis
704 3907 789 3970 hene
813 3925 961 3989 magnum
989 3909 1095 3974 vocari
1122 3930 1227 3992 posse.

82 4013 140 4075 His
167 4009 329 4092 disputatis
356 4010 430 4070 satis
456 4008 581 4071 videtur
609 4016 732 4072 cautum
761 4027 846 4084 esso,
882 4028 922 4070 ne
951 4010 1019 4089 quis
1047 4012 1131 4091 apud
1159 4013 1227 4074 Ae-

81 4115 226 4198 schylum
248 4135 308 4196 pro
333 4114 386 4180 eol
408 4107 545 4198 μακρῦν
566 4105 676 4199 ὀσφῦν
702 4116 902 4182 scribendum
925 4135 995 4180 esse
1018 4108 1098 4203 χᾶρῦ
1120 4113 1228 4197 ἄκραν

80 4213 195 4300 ὀσφῦν
222 4216 253 4278 in
283 4217 418 4279 animum
448 4216 507 4280 sibi
538 4215 687 4286 inducat..
724 4222 793 4286 Non
823 4235 907 4306 nego
938 4218 1117 4301 (surridens,¹
1132 4214 1226 4276 scribi
