2910 4672
703 121 912 202 ...42-

247 329 455 375 marmoreum
477 310 518 372 ad
539 321 679 372 museum
700 289 971 372 Pioclementinum
993 310 1159 391 pertinens,
1182 309 1376 390 quod-pro-

247 415 351 476 babile
382 421 429 476 est
457 413 575 476 reterre
607 413 842 477 celeberrimam
873 413 994 495 Scopae
1017 421 1150 476 statuam
1178 413 1212 474 iu
1240 411 1377 475 aedibus

247 519 397 600 Apollinis
419 516 549 580 Palatini
571 515 769 592 collocatam,
803 517 1032 580 accuratissime
1047 516 1130 580 'illud
1149 515 1230 578 inter
1250 532 1376 590 omues,
1448 599 1449 602 Ἴ

248 640 329 703 quae
352 620 454 682 adhuc
475 611 614 697 exstant,
636 618 789 702 Apollinis
805 618 986 682 *dtharoedi
1004 619 1157 700 imagines
1179 625 1323 680 ornatum
1345 623 1378 678 et

247 724 389 787 vestitum
411 722 637 786 citharistarum
657 723 708 786 vel
731 723 985 785 citharoedorum
999 721 1172 796 exhibens,
1194 720 1254 782 vid.
1279 721 1377 782 ‹cllu-

248 827 301 887 sec
323 825 493 903 Francois»
524 827 556 886 P.
577 826 606 902 l,
635 827 732 888 tab.5
756 832 787 887 et
808 824 951 888 Muelleri
982 820 1268 887 «uenkmalcrder
1289 824 1378 886 alten

247 929 382 1002 Kunsm,
406 930 440 988 T.
456 928 484 1005 1,
505 929 569 998 tab.
586 929 720 1006 XXllll,
745 931 816 1005 141,
830 945 859 989 a.
900 927 1074 991 Tibicinum
1093 945 1252 1008 veroupu
1275 926 1378 1006 πέζια
1448 931 1449 938 ’

247 1029 451 1109 perhibentur
472 1029 585 1108 fnisse,
615 1032 742 1093 Boeotis
769 1023 930 1113 proprium
961 1028 1301 1111 calceamentugenus,
1334 1027 1377 1088 dc

250 1150 313 1212 quo
336 1141 466 1214 egerunt
492 1131 659 1194 Salmasius
691 1133 732 1194 ad
754 1134 922 1214 scriptores
943 1133 981 1193 Η.
1001 1132 1038 1193 A.
1069 1133 1103 1194 Τ.
1122 1131 1209 1212 Ιλφ.
1222 1130 1285 1192 838
1308 1149 1378 1210 sqq.

251 1232 309 1316 (ed.
331 1234 428 1316 Lngd.
454 1236 520 1296 Bat.
542 1252 572 1295 a.
596 1234 694 1319 1671]Δ
720 1244 750 1297 ct
778 1235 972 1317 Boettigerus
1008 1231 1102 1316 «quid
1123 1234 1171 1296 sit*
1184 1233 1301 1294 docere
1322 1232 1378 1292 fa-

250 1337 382 1398 hulam»¹
399 1333 516 1417 prolus.
538 1338 590 1398 alt.
612 1359 642 1419 p.
658 1339 678 1400 6
694 1359 763 1420 sqq.
786 1339 856 1400 adu.
880 1337 1030 1421 (opuscul.
1051 1358 1082 1419 p.
1099 1337 1162 1401 303
1183 1336 1261 1418 sq);
1283 1335 1378 1397 testi-

251 1438 356 1498 monia
389 1446 611 1519 congesserunt
643 1440 850 1503 Schneiderus
884 1442 903 1503 l.
931 1463 956 1503 c.
987 1462 1018 1522 p.
1045 1443 1106 1504 104
1144 1448 1175 1502 et
1203 1436 1376 1528 Meiuekius

200 1603 201 1606 ,
254 1540 412 1602 «Historia
433 1541 537 1604 critica
560 1541 755 1606 comicorum
777 1543 986 1608 Graecorum»
1010 1563 1042 1626 p.
1059 1545 1131 1608 336.
1171 1589 1174 1596 «
1242 1570 1245 1579 ·

254 1715 388 1786 pergitur.
428 1714 570 1781 Probatur,
592 1719 693 1786 gallum
711 1719 891 1785 gallinaceum
916 1723 944 1768 ct
961 1717 1072 1766 alteram
1090 1731 1208 1784 upupam
1226 1715 1316 1769 cristis
1335 1731 1378 1764 ca·
1448 1731 1449 1784 p

190 1817 195 1829 *
252 1802 349 1851 ruisse.
388 1803 547 1870 Disputatur
571 1805 603 1854 de
621 1806 737 1858 luscinia
762 1804 877 1856 tibicina
894 1805 980 1872 deque
1005 1818 1085 1854 corvo
1111 1791 1225 1854 tibicine
1242 1803 1278 1854 ad
1296 1803 1378 1853 inter-

253 1893 399 1960 pretandos
417 1893 509 1954 locos,
530 1893 576 1962 qui
595 1899 658 1944 sunt
674 1893 722 1944 Vs.
743 1891 794 1942 658
806 1891 865 1960 sqqss
885 1899 911 1942 et
930 1889 978 1942 Vs.
999 1889 1050 1942 859
1063 1909 1123 1960 sqq.
1161 1891 1313 1960 Exponitur
1334 1907 1376 1942 uc·
1448 1869 1449 1920 Ῐ

254 1981 390 2041 curatius,
420 1998 488 2049 quae
513 1983 549 2033 sit
568 1981 670 2032 horum
698 1984 811 2032 duorum
837 1981 999 2031 musicorum
1028 1985 1055 2030 et
1081 1980 1151 2029 ratio
1177 1984 1204 2028 et
1227 1978 1324 2029 relatio
1343 1979 1377 2030 ud
1448 1971 1449 2018 ἕ

307 2068 381 2118 illos.
418 2070 515 2137 Agitur
532 2072 560 2120 in
579 2077 734 2122 transcursu
754 2072 786 2120 de
806 2069 900 2120 Butulo
925 2073 952 2118 et
976 2067 1138 2135 Antigenidas
1153 2065 1323 2118 dhieintbm.

337 2169 420 2248 Ergo
453 2168 696 2230 demonstratum
728 2167 866 2245 videtur,
891 2168 1052 2230 'vocabula
1082 2159 1203 2246 λόφος,
1238 2159 1380 2246 λόφωσις

255 2293 319 2333 non
349 2278 490 2352 spectare
519 2271 559 2332 ad
592 2272 699 2334 cristas
732 2278 878 2352 quattuor
900 2269 1011 2334 avium.
1065 2267 1238 2331 Fatendum
1265 2275 1379 2344 tamen,

255 2375 374 2436 habere
396 2382 535 2437 nostram
556 2363 739 2438 seutentiam
762 2375 1003 2451 dubitationem,
1025 2367 1098 2435 num
1118 2372 1171 2434 hic
1190 2376 1286 2452 poeta
1307 2378 1380 2450 epte

255 2478 315 2555 ita,
338 2486 372 2541 ut
392 2478 688 2554 demonstravimus,
710 2479 845 2540 usus'sit
865 2478 925 2539 illis
941 2476 1113 2551 vocabulis,
1131 2473 1288 2554 'siqnidem
1309 2472 1379 2553 gal-

257 2584 323 2646 lum
345 2581 548 2664 gallinaceum
570 2588 601 2639 et
623 2579 752 2642 alteram
774 2598 910 2660 upupam
931 2596 1041 2641 revera
1063 2577 1177 2654 cristis,
1200 2595 1380 2659 quaspro·

258 2687 327 2768 prie
347 2682 499 2765 appellari
522 2679 643 2764 λόφους
665 2689 773 2743 notum
796 2690 859 2760 est,
891 2681 1053 2746 instructus
1076 2678 1267 2762 produxerit
1312 2679 1383 2752 Qua

260 2791 299 2852 de
320 2805 372 2862 re,
394 2804 433 2846 ne
455 2784 522 2865 quis
552 2783 592 2845 ab
613 2784 674 2846 hac
695 2782 788 2864 parto
814 2792 868 2848 aut
889 2785 980 2848 nobis
1004 2785 1195 2847 contradicat
1216 2790 1271 2846 ant
1291 2803 1382 2844 sum-

259 2910 343 2953 mum
366 2888 524 2951 Comioum
544 2886 611 2948 vitii
633 2887 759 2950 crimine
780 2897 908 2966 oneret,
929 2887 1146 2971 inquirendum
1168 2886 1228 2948 erit
1248 2903 1383 2948 accura-

261 2998 336 3071 tius,
358 2992 436 3055 illud
458 3012 531 3053 num
553 3009 626 3053 vere
648 2990 755 3052 locum·
771 2991 935 3071 hahuerit,
964 3011 1004 3055 an
1031 2993 1139 3054 minus.
1181 2993 1232 3052 nt
1260 2987 1383 3052 videtur

261 3095 352 3160 nobis
376 3096 518 3178 speciose
547 3097 783 3158 commonstrari
811 3115 925 3177 posse;
951 3104 1093 3160 neutram
1114 3111 1204 3158 avem
1225 3092 1383 3159 cristatam

260 3201 383 3262 suisse‘
406 3198 590 3280 lucipiamus
614 3197 654 3260 ab
676 3198 774 3261 alteru
797 3218 909 3282 upupa.
933 3200 1105 3274 irionem,
1138 3199 1275 3258 Procnes
1293 3196 1384 3258 illum

260 3302 420 3377 maritum,
442 3301 616 3386 τριλοφίαν
637 3301 804 3378 habuisse,
826 3302 1081 3385 supranidimus.
1124 3299 1186 3360 Sed
1201 3315 1270 3358 eam
1291 3317 1383 3361 avum

263 3425 332 3467 esse
356 3403 488 3466 alterius
511 3421 637 3484 upupae
656 3412 746 3483 patre
764 3414 859 3468 natae
879 3423 925 3480 ea,
948 3421 1040 3483 qnam
1058 3400 1212 3462 Philocles
1236 3399 1385 3464 foediore

263 3516 391 3594 aspectu
426 3505 626 3585 descripserit
654 3501 705 3566 vel
719 3509 835 3587 potins
853 3502 1059 3586 produxerit,
1098 3499 1317 3584 cognoscimus
1347 3523 1387 3565 cx

263 3612 345 3691 loc'o,
368 3614 421 3693 qui
442 3615 491 3670 est
519 3609 570 3670 Vs.
593 3607 652 3670 28³1
676 3626 770 3690 sqq,
784 3608 823 3669 de
843 3627 906 3689 quo
929 3606 1105 3689 nuperrime
1126 3603 1293 3686 disputavit
1316 3605 1386 3666 Gu-

264 3725 366 3776 stavus
397 3701 537 3774 Ernerus
567 3711 689 3776 dissert.
728 3709 790 3773 ude
819 3711 928 3774 schola
951 3708 1100 3790 Aeschyli
1117 3715 1163 3769 ct
1180 3704 1387 3789 trilogiarum

264 3818 403 3878 ratione»
428 3833 458 3895 p.
474 3815 513 3876 10
534 3831 600 3894 sqq.
643 3817 744 3897 Ilugo,
767 3827 861 3895 quum
882 3813 959 3874 nihil
981 3818 1110 3873 caussae
1131 3807 1200 3883 sit,¹
1217 3827 1273 3869 cur
1292 3807 1386 3887 prio-

264 3934 331 3980 rem
353 3935 488 3998 upupam
507 3915 709 3996 decrepitum·
723 3917 819 3978 luisse
840 3929 947 3974 senem
969 3911 1192 3988 existimem,
1214 3917 1387 3974 consenta-

266 4035 358 4083 neum
380 4025 442 4094 est,
465 4025 498 4078 ut
515 4011 642 4080 alteram
661 4019 782 4099 pullam
803 4014 998 4098 cogitandam
1018 4033 1087 4078 esse
1106 4013 1288 4088 credamus3·
1303 4012 1388 4074 unde

266 4137 370 4188 rursus
393 4121 545 4202 sequitur,
572 4129 606 4182 ut
640 4121 736 4184 crista
766 4117 908 4182 caruerit.
950 4120 1048 4180 Porro
1084 4117 1169 4199 quod
1203 4115 1242 4176 ad
1271 4116 1389 4196 gallum

268 4229 469 4312 gallinaceum
491 4224 614 4298 attinet,
636 4223 766 4286 vidimus
789 4240 882 4298 sane,
918 4222 969 4287 uel
988 4223 1023 4284 in
1042 4222 1102 4284 hac
1132 4219 1239 4287 fabula
1261 4219 1390 4285 cristam
