2910 4672
591 171 803 233 „13-

125 336 226 426 refert
247 337 430 418 quidquam,
449 336 541 420 quod
561 340 646 402 htlas
668 357 744 404 sone
764 363 831 405 oum
851 344 1006 424 pluribus,
1030 345 1165 430 Typhon
1181 350 1266 416 sulus

124 439 185 501 diis
213 440 342 503 restitit·
365 443 467 504 ..illas
497 443 594 518 enim,
627 463 720 524 quem
746 443 863 525 primns
884 448 1266 534 mythographuslatinus

126 543 189 605 nh.
207 545 267 606 183
296 545 476 628 simpliciter
504 548 648 610 Titanum
679 547 790 609 ducem
806 550 972 630 appellat,
1010 557 1094 615 certe
1123 553 1267 616 Titanum

126 647 189 710 dux
216 649 274 711 suit
300 651 332 711 in
361 651 413 712 llla
441 669 560 733 pugna,
592 652 618 712 is
648 660 682 714 ut
709 653 790 714 bene
818 652 879 713 dici
906 660 1013 733 posset
1041 655 1145 720 πᾶσιν
1173 663 1268 730 θοοῖς

125 741 335 833 ἀντιστῆναι.
379 753 488 816 Elucet
508 754 634 829 saltem,
657 754 826 838 Aeschylo,
848 754 891 816 illi
914 755 961 817 rei
983 755 1010 816 si
1032 754 1265 836 quidtrihue1·e

124 849 278 925 voluerit,
317 853 514 915 scribendum
545 855 639 917 luisse
672 856 763 916 aliter
794 863 887 935 atque
918 857 950 916 in
979 856 1067 917 lihris
1097 877 1188 919 mser.
1219 865 1266 918 est
1295 940 1298 946 Ι

126 951 283 1033 scriptum.
337 953 423 1016 Haec
452 957 479 1016 si
509 965 593 1018 recte
624 975 643 1018 a
673 976 724 1017 me
757 963 827 1017 snut
857 955 1026 1037 disputate,
1064 957 1153 1031 illae,
1190 977 1266 1038 qaas

125 1071 221 1133 snpra
241 1053 428 1135 significavi,
461 1057 696 1120 emendationes
719 1061 813 1140 inque
837 1079 945 1121 earum
971 1078 1104 1122 numero
1127 1064 1266 1123 nonnul-

125 1156 192 1229 lae,
236 1175 317 1236 quae
350 1175 426 1219 sane
459 1177 552 1239 qnam
585 1161 749 1241 speciosae
783 1169 871 1237 sunt,
914 1161 1100 1243 abjiciantur
1132 1171 1271 1244 oportet

124 1256 313 1334 Restabant,
345 1270 379 1323 ut
399 1263 515 1324 Butleri
542 1264 699 1326 inventum
719 1267 785 1346 jam
812 1267 948 1339 mittam,
980 1266 1164 1328 Schneideri
1186 1288 1266 1328 con-

121 1361 282 1441 J'ecturae:
319 1365 387 1435 σοῖς
414 1361 450 1436 ὃς
478 1364 526 1448 (h.
547 1385 573 1427 e.
598 1362 755 1444 πάντως,
794 1385 873 1428 «aus
905 1367 987 1427 allen
1016 1365 1185 1450 Krtilten»)
1219 1375 1267 1429 et:

124 1456 242 1528 στάσιν
263 1459 302 1538 ὃς
324 1459 468 1550 οἷντέστη
486 1475 597 1542 θοοῖς,
620 1487 700 1548 quae
723 1469 782 1530 nisi
804 1486 823 1529 a
840 1468 987 1530 facilitate
1008 1470 1185 1531 mutationis
1202 1490 1266 1532 non

125 1564 392 1630 commendantur.
437 1568 500 1631 Sed
522 1569 650 1632 dubium
672 1588 742 1632 csse
766 1571 887 1650 nequit,
911 1572 985 1651 quin
1007 1571 1177 1634 mutatione
1198 1570 1266 1632 sal-

124 1672 189 1727 tem
215 1683 316 1748 aeque
345 1669 428 1731 sacili
456 1670 692 1732 rescribendum
721 1673 779 1733 sit:
813 1665 948 1739 πάλιν
971 1669 1009 1748 ὃς
1032 1669 1065 1738 οἷ.
1086 1679 1126 1737 θ.
1178 1675 1266 1735 Hauc

124 1761 225 1840 ipsam
250 1765 433 1845 scripturam
459 1785 537 1846 prae
565 1771 661 1830 oculis
685 1772 833 1834 hahuisse
856 1773 956 1834 videri
976 1782 1082 1854 potest
1104 1785 1191 1838 vetus
1214 1777 1266 1838 ille

125 1865 327 1940 scholiastes,
370 1869 456 1949 cujus
490 1867 589 1928 verba
620 1867 682 1928 huc
714 1869 901 1948 pertinentia
923 1889 1027 1952 'supra
1061 1873 1268 1947 exscribenda,

126 1967 248 2043 curavi,
278 1966 374 2029 modo
403 1974 569 2043 statuatur,
601 1989 672 2030 enm
699 1970 858 2030 diversum
887 1970 982 2031 luisse
1012 1970 1052 2030 ab
1080 1972 1149 2048 illo,
1180 1977 1266 2058 cujus

123 2071 223 2132 verba
252 2071 293 2132 ab
323 2069 425 2152 φησὶν
453 2061 517 2134 οὖν
544 2066 562 2136 ὁ
589 2063 756 2142 Ὠκεανός
777 2069 956 2150 incipientia
985 2071 1026 2132 ad
1047 2073 1100 2135 Vs.
1119 2073 1181 2136 353
1212 2076 1268 2139 ad·
1350 2157 1355 2164 .

125 2173 241 2254 scripta
262 2171 421 2252 leguntur3
444 2172 476 2232 id
495 2171 580 2252 quod
598 2178 700 2232 utrum
717 2191 826 2234 verum
849 2173 888 2233 sit
911 2190 951 2235 an
975 2176 1089 2252 minus,
1108 2174 1141 2236 in
1159 2179 1266 2242 medio
1300 2247 1305 2260 ¹

126 2277 185 2339 erit
205 2274 452 2355 relinquendum.
494 2275 549 2336 llla
572 2283 676 2336 antam
698 2275 851 2356 scriptura
873 2275 899 2336 si
919 2284 1048 2358 accepta
1060 2277 1160 2348 ⁴luerit
1176 2281 1266 2342 simul

126 2379 221 2440 etiam
250 2374 441 2458 significasse
471 2377 631 2437 Oceanum
663 2378 842 2458 apparebit,
882 2378 1037 2439 Atlantem
1065 2387 1130 2440 tara
1159 2381 1266 2462 gravia

125 2481 190 2562 pati
220 2497 288 2540 eam
319 2479 359 2540 ah
388 2495 546 2562 caussam,
587 2478 673 2558 quod
704 2478 762 2539 diis
793 2497 828 2538 se
860 2497 1023 2559 opponere
1053 2497 1146 2541 ansus
1173 2489 1265 2557 esset,

125 2582 211 2665 quud
233 2601 297 2645 non
321 2582 415 2662 plane
437 2582 570 2644 reticere
593 2599 611 2641 e
634 2600 669 2641 re
692 2580 811 2643 Oceani
834 2587 918 2658 erat3
951 2599 1054 2660 neque
1084 2581 1168 2642 aliud
1191 2583 1264 2664 qnid

121 2683 240 2746 dixisse
258 2699 351 2762 quam
367 2681 446 2745 hoc:
473 2678 662 2766 Typhonem
683 2699 804 2746 aureus
823 2701 858 2744 cc
879 2681 1069 2764 opposuisse
1088 2679 1166 2760 «ists,
1188 2683 1220 2746 h.
1236 2703 1264 2745 e.

124 2785 258 2849 deornm
285 2784 435 2865 imperio,
467 2785 511 2846 ita
539 2790 574 2868 ut
602 2802 667 2846 nou
696 2781 945 2864 adsignificetur,
979 2782 1165 2865 Typhonem
1194 2805 1263 2848 cum

122 2889 263 2969 plnribrm
286 2886 343 2948 diis
365 2887 544 2950 decertasse
566 2903 686 2967 pugna,
709 2883 767 2948 sed
783 2884 907 2954 denno
923 2883 993 2949 solo
1007 2886 1102 2960 Jove,
1123 2885 1263 2967 principe

122 2997 156 3051 et
177 2989 267 3070 qnasi
287 2987 405 3050 vicario
425 2987 575 3061 deorum,
604 2985 765 3068 Typhonis
786 2985 818 3046 in
840 3003 946 3067 pugna
967 2985 1151 3055 aduersario
1172 2987 1264 3068 cogi7

121 3099 191 3154 tare
209 3089 321 3151 *hceat
370 3088 549 3170 Imperabat
563 3094 682 3150 autem
710 3105 729 3148 e
756 3086 815 3155 diis
843 3086 876 3147 h.
893 3105 921 3151 e.
943 3087 1032 3148 novis
1055 3087 1114 3148 diis
1135 3088 1264 3168 proprie

124 3191 210 3253 solus
231 3191 387 3270 luppiter,
417 3206 480 3269 qua
501 3189 549 3250 de·
571 3207 607 3253 re
635 3197 731 3268 poeta
759 3205 848 3262 mox,
880 3187 933 3248 ubi
954 3186 996 3248 de
1025 3205 1121 3270 more.
1135 3207 1194 3252 suo
1217 3206 1264 3268 eo,

124 3309 206 3372 qnae
220 3297 314 3356 anum
328 3290 460 3366 dixerat,
474 3289 646 3355 ameum
659 3290 801 3371 explicat,
817 3289 858 3353 de
871 3287 1024 3371 Typhone
1036 3290 1134 3364 verba
1147 3287 1264 3364 iaciens

182 3441 189 3448 .
237 3397 273 3468 ἐξ
293 3383 478 3475 ὀμμάτων,
506 3390 563 3466 ait,
591 3385 766 3474 ἤστρσστο
786 3385 968 3478 γοργωπὸν,
993 3390 1107 3470 σέλας,
1206 3451 1209 3458 l

236 3489 280 3565 uic
306 3486 370 3575 τὴν
396 3487 474 3566 Διὸς
502 3485 677 3576 τυραννίδ’
700 3493 865 3577 ἐκπέρσων
890 3492 969 3578 βίᾳ,
1048 3542 1054 3567 1
1113 3561 1117 3570 ,
1166 3562 1170 3568 ,
1219 3557 1221 3564 .
1249 3543 1254 3574 ,

122 3597 180 3660 sed
206 3594 308 3676 potuit
333 3602 428 3674 poeta
454 3613 512 3655 suo
536 3597 609 3675 jure
628 3595 736 3658 dicere
758 3605 866 3672 θεοῖς,
895 3595 1057 3674 quoniam,
1086 3610 1263 3672 quanquam

123 3700 208 3762 solus
233 3696 375 3777 luppiter
402 3712 556 3755 summum
579 3701 611 3753 et
635 3695 769 3756 liberum
794 3694 961 3773 imperinm
985 3691 1137 3768 tenebat,
1160 3701 1262 3755 tamen

124 3801 218 3862 etiam
245 3797 357 3878 reliqui
385 3795 426 3858 dii
449 3796 537 3870 novi,
568 3794 638 3856 tovi
664 3795 685 3858 ii
713 3795 851 3876 cognati,
883 3795 1006 3876 imperii
1028 3794 1273 3876 quodammodo*

124 3895 936 3979 armantarmant.tcatooqqcututsq.
981 3935 984 3946 ·
1032 3938 1035 3946 -
1124 3921 1150 3963 1.

210 4000 352 4078 Denique
374 4017 438 4062 nan
457 4015 588 4079 poesnm
610 4009 839 4074 aousmonore,
861 3997 975 4062 verbm
1192 4038 1197 4070 2

223 4109 395 4183 compare
414 4093 448 4164 δ’
472 4105 510 4165 ἐν
533 4095 650 4184 ἄκροις
669 4096 797 4186 ἥμενος
816 4098 1087 4182 ramesense·
1205 4115 1208 4122 ’

230 4197 496 4286 ”Ηφσινισς,.
937 4255 942 4266 .

947 4249 1219 4357 2·''
