<?xml version="1.0" encoding="UTF-8"?>
<!DOCTYPE html PUBLIC "-//W3C//DTD XHTML 1.0 Transitional//EN"
    "http://www.w3.org/TR/xhtml1/DTD/xhtml1-transitional.dtd">
<html xmlns="http://www.w3.org/1999/xhtml" xml:lang="en" lang="en">
 <head>
  <title>
</title>
<meta http-equiv="Content-Type" content="text/html;charset=utf-8" />
  <meta name='ocr-system' content='tesseract 3.04.00' />
  <meta name='ocr-capabilities' content='ocr_page ocr_carea ocr_par ocr_line ocrx_word'/>
</head>
<body>
  <div class='ocr_page' id='page_1' title='image "./adversariainaea01wiesgoog_0058.png"; bbox 0 0 2910 4672; ppageno 0'>
   <div class='ocr_carea' id='block_1_1' title="bbox 586 97 797 158">
    <p class='ocr_par' dir='ltr' id='par_1_1' title="bbox 586 97 797 158">
     <span class='ocr_line' id='line_1_1' title="bbox 586 97 797 158; baseline 0.009 -18"><span class='ocrx_word' id='word_1_1' title='bbox 586 97 797 158; x_wconf 74' lang='lat'>-45..</span> 
     </span>
    </p>
   </div>
   <div class='ocr_carea' id='block_1_2' title="bbox 119 244 1261 350">
    <p class='ocr_par' dir='ltr' id='par_1_2' title="bbox 119 244 1261 350">
     <span class='ocr_line' id='line_1_2' title="bbox 119 244 1261 350; baseline 0.02 -33"><span class='ocrx_word' id='word_1_2' title='bbox 119 257 282 318; x_wconf 71' lang='lat' dir='ltr'><strong>nossetis</strong></span> <span class='ocrx_word' id='word_1_3' title='bbox 306 277 376 320; x_wconf 86' lang='lat' dir='ltr'><strong>esse</strong></span> <span class='ocrx_word' id='word_1_4' title='bbox 398 244 605 335; x_wconf 83' lang='lat' dir='ltr'><strong>musicorum,</strong></span> <span class='ocrx_word' id='word_1_5' title='bbox 638 283 704 324; x_wconf 90' lang='lat' dir='ltr'><strong>non</strong></span> <span class='ocrx_word' id='word_1_6' title='bbox 728 283 808 344; x_wconf 87' lang='lat' dir='ltr'><strong>opus</strong></span> <span class='ocrx_word' id='word_1_7' title='bbox 831 286 901 333; x_wconf 85' lang='lat' dir='ltr'><strong>esse</strong></span> <span class='ocrx_word' id='word_1_8' title='bbox 924 277 1073 350; x_wconf 85' lang='lat' dir='ltr'><strong>quattuor</strong></span> <span class='ocrx_word' id='word_1_9' title='bbox 1094 274 1177 350; x_wconf 84' lang='lat' dir='ltr'><strong>illis,</strong></span> <span class='ocrx_word' id='word_1_10' title='bbox 1208 279 1261 340; x_wconf 87' lang='lat' dir='ltr'><strong>id-</strong></span> 
     </span>
    </p>
   </div>
   <div class='ocr_carea' id='block_1_3' title="bbox 108 361 1304 1671">
    <p class='ocr_par' dir='ltr' id='par_1_3' title="bbox 108 361 1304 1671">
     <span class='ocr_line' id='line_1_3' title="bbox 119 361 1261 456; baseline 0.025 -40"><span class='ocrx_word' id='word_1_11' title='bbox 119 376 181 435; x_wconf 88' lang='lat' dir='ltr'><strong>que</strong></span> <span class='ocrx_word' id='word_1_12' title='bbox 213 378 253 420; x_wconf 87' lang='lat' dir='ltr'><strong>eo</strong></span> <span class='ocrx_word' id='word_1_13' title='bbox 276 361 397 436; x_wconf 75' lang='lat' dir='ltr'><strong>minue,</strong></span> <span class='ocrx_word' id='word_1_14' title='bbox 428 365 515 444; x_wconf 86' lang='lat' dir='ltr'><strong>qnod</strong></span> <span class='ocrx_word' id='word_1_15' title='bbox 537 367 602 446; x_wconf 88' lang='lat' dir='ltr'><strong>jam</strong></span> <span class='ocrx_word' id='word_1_16' title='bbox 631 367 772 432; x_wconf 78' lang='lat' dir='ltr'><strong>Procnen</strong></span> <span class='ocrx_word' id='word_1_17' title='bbox 797 368 885 430; x_wconf 89' lang='lat' dir='ltr'><strong>ebori</strong></span> <span class='ocrx_word' id='word_1_18' title='bbox 908 372 1061 436; x_wconf 87' lang='lat' dir='ltr'><strong>musicum</strong></span> <span class='ocrx_word' id='word_1_19' title='bbox 1097 396 1187 456; x_wconf 88' lang='lat' dir='ltr'><strong>esse,</strong></span> <span class='ocrx_word' id='word_1_20' title='bbox 1222 402 1261 444; x_wconf 86' lang='lat' dir='ltr'><strong>ex</strong></span> 
     </span>
     <span class='ocr_line' id='line_1_4' title="bbox 118 459 1289 549; baseline 0.024 -32"><span class='ocrx_word' id='word_1_21' title='bbox 118 459 176 538; x_wconf 90' lang='lat' dir='ltr'><strong>iis,</strong></span> <span class='ocrx_word' id='word_1_22' title='bbox 199 480 281 540; x_wconf 87' lang='lat' dir='ltr'><strong>quae</strong></span> <span class='ocrx_word' id='word_1_23' title='bbox 300 461 448 544; x_wconf 83' lang='lat' dir='ltr'><strong>leguntur</strong></span> <span class='ocrx_word' id='word_1_24' title='bbox 469 467 542 527; x_wconf 91' lang='lat' dir='ltr'><strong>inde</strong></span> <span class='ocrx_word' id='word_1_25' title='bbox 569 485 587 526; x_wconf 91' lang='lat' dir='ltr'><strong>a</strong></span> <span class='ocrx_word' id='word_1_26' title='bbox 610 469 671 528; x_wconf 91' lang='lat' dir='ltr'><strong>Vs.·</strong></span> <span class='ocrx_word' id='word_1_27' title='bbox 682 468 754 543; x_wconf 85' lang='grc'>676,</span> <span class='ocrx_word' id='word_1_28' title='bbox 779 470 899 549; x_wconf 88' lang='lat' dir='ltr'><strong>oppido</strong></span> <span class='ocrx_word' id='word_1_29' title='bbox 923 472 1053 538; x_wconf 81' lang='lat' dir='ltr'>eluceat.</span> <span class='ocrx_word' id='word_1_30' title='bbox 1096 481 1196 542; x_wconf 88' lang='lat' dir='ltr'><strong>Porro</strong></span> <span class='ocrx_word' id='word_1_31' title='bbox 1219 483 1261 544; x_wconf 87' lang='lat' dir='ltr'><strong>ed</strong></span> <span class='ocrx_word' id='word_1_32' title='bbox 1287 517 1289 522; x_wconf 95' lang='lat'>·</span> 
     </span>
     <span class='ocr_line' id='line_1_5' title="bbox 115 560 1259 649; baseline 0.023 -29"><span class='ocrx_word' id='word_1_33' title='bbox 115 560 182 621; x_wconf 91' lang='lat' dir='ltr'><strong>boc</strong></span> <span class='ocrx_word' id='word_1_34' title='bbox 202 562 327 624; x_wconf 83' lang='lat' dir='ltr'><strong>uidetur</strong></span> <span class='ocrx_word' id='word_1_35' title='bbox 349 567 587 643; x_wconf 77' lang='lat' dir='ltr'><strong>attondendum,</strong></span> <span class='ocrx_word' id='word_1_36' title='bbox 619 571 710 649; x_wconf 88' lang='lat' dir='ltr'><strong>quod·</strong></span> <span class='ocrx_word' id='word_1_37' title='bbox 736 570 870 632; x_wconf 86' lang='lat' dir='ltr'><strong>luscinia</strong></span> <span class='ocrx_word' id='word_1_38' title='bbox 893 581 923 633; x_wconf 89' lang='lat' dir='ltr'><strong>et</strong></span> <span class='ocrx_word' id='word_1_39' title='bbox 952 593 1064 636; x_wconf 82' lang='lat' dir='ltr'><strong>corvus</strong></span> <span class='ocrx_word' id='word_1_40' title='bbox 1088 578 1173 643; x_wconf 89' lang='lat' dir='ltr'><strong>baud</strong></span> <span class='ocrx_word' id='word_1_41' title='bbox 1196 584 1259 645; x_wconf 87' lang='lat' dir='ltr'><strong>du·</strong></span> 
     </span>
     <span class='ocr_line' id='line_1_6' title="bbox 116 657 1258 762; baseline 0.02 -40"><span class='ocrx_word' id='word_1_42' title='bbox 116 661 169 725; x_wconf 91' lang='lat' dir='ltr'><strong>bie</strong></span> <span class='ocrx_word' id='word_1_43' title='bbox 192 663 258 726; x_wconf 91' lang='lat' dir='ltr'><strong>alio</strong></span> <span class='ocrx_word' id='word_1_44' title='bbox 280 665 400 728; x_wconf 89' lang='lat' dir='ltr'><strong>habitu·</strong></span> <span class='ocrx_word' id='word_1_45' title='bbox 415 677 524 746; x_wconf 86' lang='lat' dir='ltr'><strong>erant,</strong></span> <span class='ocrx_word' id='word_1_46' title='bbox 554 687 648 751; x_wconf 88' lang='lat' dir='ltr'><strong>quam</strong></span> <span class='ocrx_word' id='word_1_47' title='bbox 680 671 964 751; x_wconf 87' lang='lat' dir='ltr'><strong>phoenicopterus,</strong></span> <span class='ocrx_word' id='word_1_48' title='bbox 997 676 1099 758; x_wconf 84' lang='lat' dir='ltr'><strong>gallus</strong></span> <span class='ocrx_word' id='word_1_49' title='bbox 1121 657 1258 762; x_wconf 80' lang='lat' dir='ltr'><strong>gallina-</strong></span> 
     </span>
     <span class='ocr_line' id='line_1_7' title="bbox 117 765 1257 858; baseline 0.024 -36"><span class='ocrx_word' id='word_1_50' title='bbox 117 782 211 838; x_wconf 90' lang='lat' dir='ltr'><strong>ceus,</strong></span> <span class='ocrx_word' id='word_1_51' title='bbox 248 765 349 829; x_wconf 88' lang='lat' dir='ltr'><strong>altera</strong></span> <span class='ocrx_word' id='word_1_52' title='bbox 371 787 497 849; x_wconf 89' lang='lat' dir='ltr'><strong>upupa,</strong></span> <span class='ocrx_word' id='word_1_53' title='bbox 532 772 744 854; x_wconf 68' lang='grc' dir='ltr'><strong>κατωφαγᾶς.</strong></span> <span class='ocrx_word' id='word_1_54' title='bbox 799 771 932 836; x_wconf 83' lang='lat' dir='ltr'><strong>Corvum</strong></span> <span class='ocrx_word' id='word_1_55' title='bbox 964 780 1121 858; x_wconf 82' lang='lat' dir='ltr'><strong>expressis</strong></span> <span class='ocrx_word' id='word_1_56' title='bbox 1154 787 1257 850; x_wconf 87' lang='lat' dir='ltr'><strong>verbis</strong></span> 
     </span>
     <span class='ocr_line' id='line_1_8' title="bbox 113 869 1258 965; baseline 0.014 -42"><span class='ocrx_word' id='word_1_57' title='bbox 113 875 382 930; x_wconf 74' lang='lat' dir='ltr'><strong>commemoratur</strong></span> <span class='ocrx_word' id='word_1_58' title='bbox 414 871 577 952; x_wconf 55' lang='lat' dir='ltr'><strong>ponpeius</strong></span> <span class='ocrx_word' id='word_1_59' title='bbox 606 869 773 945; x_wconf 86' lang='lat' dir='ltr'><strong>babuisse,</strong></span> <span class='ocrx_word' id='word_1_60' title='bbox 815 875 984 954; x_wconf 78' lang='lat' dir='ltr'><strong>capistrum</strong></span> <span class='ocrx_word' id='word_1_61' title='bbox 1018 879 1144 942; x_wconf 79' lang='lat' dir='ltr'><strong>musicis</strong></span> <span class='ocrx_word' id='word_1_62' title='bbox 1177 906 1258 965; x_wconf 80' lang='lat' dir='ltr'><strong>pro.</strong></span> 
     </span>
     <span class='ocr_line' id='line_1_9' title="bbox 112 966 1257 1065; baseline 0.019 -37"><span class='ocrx_word' id='word_1_63' title='bbox 112 966 245 1045; x_wconf 85' lang='lat' dir='ltr'><strong>prium,&#39;</strong></span> <span class='ocrx_word' id='word_1_64' title='bbox 258 969 302 1031; x_wconf 86' lang='lat' dir='ltr'><strong>de</strong></span> <span class='ocrx_word' id='word_1_65' title='bbox 320 991 382 1050; x_wconf 91' lang='lat' dir='ltr'><strong>quo</strong></span> <span class='ocrx_word' id='word_1_66' title='bbox 404 971 621 1050; x_wconf 72' lang='lat' dir='ltr'><strong>copiosissime</strong></span> <span class='ocrx_word' id='word_1_67' title='bbox 640 972 703 1052; x_wconf 82' lang='lat' dir='ltr'><strong>egit</strong></span> <span class='ocrx_word' id='word_1_68' title='bbox 716 974 913 1057; x_wconf 75' lang='lat' dir='ltr'><strong>Boettigerus</strong></span> <span class='ocrx_word' id='word_1_69' title='bbox 935 984 1039 1059; x_wconf 90' lang='lat' dir='ltr'><strong>script.</strong></span> <span class='ocrx_word' id='word_1_70' title='bbox 1062 981 1136 1042; x_wconf 88' lang='lat' dir='ltr'><strong>min.</strong></span> <span class='ocrx_word' id='word_1_71' title='bbox 1153 987 1224 1050; x_wconf 87' lang='lat' dir='ltr'><strong>Vol.</strong></span> <span class='ocrx_word' id='word_1_72' title='bbox 1234 991 1257 1065; x_wconf 88' lang='lat' dir='ltr'><strong>l,</strong></span> 
     </span>
     <span class='ocr_line' id='line_1_10' title="bbox 112 1070 1255 1163; baseline 0.02 -33"><span class='ocrx_word' id='word_1_73' title='bbox 112 1071 193 1149; x_wconf 88' lang='lat' dir='ltr'><strong>p.5l</strong></span> <span class='ocrx_word' id='word_1_74' title='bbox 214 1091 303 1152; x_wconf 87' lang='lat' dir='ltr'><strong>seqq.</strong></span> <span class='ocrx_word' id='word_1_75' title='bbox 346 1074 432 1135; x_wconf 86' lang='lat' dir='ltr'><strong>idem</strong></span> <span class='ocrx_word' id='word_1_76' title='bbox 464 1073 539 1152; x_wconf 92' lang='lat' dir='ltr'><strong>quin</strong></span> <span class='ocrx_word' id='word_1_77' title='bbox 569 1072 609 1134; x_wconf 88' lang='lat' dir='ltr'><strong>sit</strong></span> <span class='ocrx_word' id='word_1_78' title='bbox 629 1074 766 1136; x_wconf 89' lang='lat' dir='ltr'><strong>Procnes</strong></span> <span class='ocrx_word' id='word_1_79' title='bbox 790 1070 828 1140; x_wconf 74' lang='lat' dir='ltr'><strong>cci</strong></span> <span class='ocrx_word' id='word_1_80' title='bbox 858 1077 992 1160; x_wconf 62' lang='lat' dir='ltr'><strong>tantu,</strong></span> <span class='ocrx_word' id='word_1_81' title='bbox 1022 1082 1109 1163; x_wconf 88' lang='lat' dir='ltr'><strong>cujus</strong></span> <span class='ocrx_word' id='word_1_82' title='bbox 1137 1091 1255 1153; x_wconf 89' lang='lat' dir='ltr'><strong>mentio</strong></span> 
     </span>
     <span class='ocr_line' id='line_1_11' title="bbox 111 1170 1255 1268; baseline 0.018 -38"><span class='ocrx_word' id='word_1_83' title='bbox 111 1170 148 1233; x_wconf 84' lang='lat' dir='ltr'><strong>fit</strong></span> <span class='ocrx_word' id='word_1_84' title='bbox 175 1175 231 1234; x_wconf 90' lang='lat' dir='ltr'><strong>Vs.</strong></span> <span class='ocrx_word' id='word_1_85' title='bbox 250 1173 312 1236; x_wconf 83' lang='lat'><strong>673</strong></span> <span class='ocrx_word' id='word_1_86' title='bbox 328 1195 390 1254; x_wconf 90' lang='lat' dir='ltr'><strong>sq.,</strong></span> <span class='ocrx_word' id='word_1_87' title='bbox 426 1194 490 1236; x_wconf 89' lang='lat' dir='ltr'><strong>non</strong></span> <span class='ocrx_word' id='word_1_88' title='bbox 521 1175 645 1235; x_wconf 82' lang='lat' dir='ltr'><strong>uidetur</strong></span> <span class='ocrx_word' id='word_1_89' title='bbox 677 1176 823 1252; x_wconf 90' lang='lat' dir='ltr'><strong>dubium,</strong></span> <span class='ocrx_word' id='word_1_90' title='bbox 855 1185 890 1240; x_wconf 89' lang='lat' dir='ltr'><strong>ut</strong></span> <span class='ocrx_word' id='word_1_91' title='bbox 919 1199 1021 1261; x_wconf 85' lang='lat' dir='ltr'><strong>neque</strong></span> <span class='ocrx_word' id='word_1_92' title='bbox 1047 1183 1147 1260; x_wconf 84' lang='lat' dir='ltr'><strong>illud,</strong></span> <span class='ocrx_word' id='word_1_93' title='bbox 1181 1190 1255 1268; x_wconf 91' lang='lat' dir='ltr'><strong>quin</strong></span> 
     </span>
     <span class='ocr_line' id='line_1_12' title="bbox 114 1271 1304 1373; baseline 0.024 -46"><span class='ocrx_word' id='word_1_94' title='bbox 114 1271 237 1357; x_wconf 74' lang='grc' dir='ltr'><em>ῥύγχος</em></span> <span class='ocrx_word' id='word_1_95' title='bbox 264 1271 475 1358; x_wconf 72' lang='grc' dir='ltr'><strong><em>ὀβελίσκοιν,</em></strong></span> <span class='ocrx_word' id='word_1_96' title='bbox 508 1278 595 1355; x_wconf 74' lang='lat' dir='ltr'><strong>quod</strong></span> <span class='ocrx_word' id='word_1_97' title='bbox 624 1277 655 1337; x_wconf 82' lang='lat' dir='ltr'><strong>ln</strong></span> <span class='ocrx_word' id='word_1_98' title='bbox 677 1277 733 1340; x_wconf 78' lang='lat' dir='ltr'><strong>illo</strong></span> <span class='ocrx_word' id='word_1_99' title='bbox 756 1278 861 1343; x_wconf 74' lang='lat' dir='ltr'><strong>inesse</strong></span> <span class='ocrx_word' id='word_1_100' title='bbox 881 1282 1041 1364; x_wconf 68' lang='lat' dir='ltr'><strong>legimus,</strong></span> <span class='ocrx_word' id='word_1_101' title='bbox 1074 1286 1114 1348; x_wconf 78' lang='lat' dir='ltr'><strong>(le</strong></span> <span class='ocrx_word' id='word_1_102' title='bbox 1138 1292 1255 1373; x_wconf 75' lang='lat' dir='ltr'><strong>duplici</strong></span> <span class='ocrx_word' id='word_1_103' title='bbox 1301 1363 1304 1366; x_wconf 27' lang='lat'>¹</span> 
     </span>
     <span class='ocr_line' id='line_1_13' title="bbox 109 1372 1255 1470; baseline 0.022 -38"><span class='ocrx_word' id='word_1_104' title='bbox 109 1372 187 1433; x_wconf 90' lang='lat' dir='ltr'><strong>tibia</strong></span> <span class='ocrx_word' id='word_1_105' title='bbox 201 1373 497 1459; x_wconf 87' lang='lat' dir='ltr'><strong>sitintelligendum.</strong></span> <span class='ocrx_word' id='word_1_106' title='bbox 519 1377 620 1457; x_wconf 80' lang='lat' dir='ltr'><strong>Atque</strong></span> <span class='ocrx_word' id='word_1_107' title='bbox 635 1377 711 1439; x_wconf 88' lang='lat' dir='ltr'><strong>illud</strong></span> <span class='ocrx_word' id='word_1_108' title='bbox 727 1379 895 1459; x_wconf 78' lang='lat' dir='ltr'><strong>capistrum</strong></span> <span class='ocrx_word' id='word_1_109' title='bbox 912 1403 975 1444; x_wconf 91' lang='lat' dir='ltr'><strong>non</strong></span> <span class='ocrx_word' id='word_1_110' title='bbox 996 1377 1094 1450; x_wconf 79' lang='lat' dir='ltr'><strong>inisse</strong></span> <span class='ocrx_word' id='word_1_111' title='bbox 1109 1400 1255 1470; x_wconf 89' lang='lat' dir='ltr'><strong>quattuor</strong></span> 
     </span>
     <span class='ocr_line' id='line_1_14' title="bbox 108 1475 1253 1557; baseline 0.019 -22"><span class='ocrx_word' id='word_1_112' title='bbox 108 1475 173 1536; x_wconf 90' lang='lat' dir='ltr'><strong>illis</strong></span> <span class='ocrx_word' id='word_1_113' title='bbox 204 1479 332 1553; x_wconf 76' lang='lat' dir='ltr'><strong>auibus,</strong></span> <span class='ocrx_word' id='word_1_114' title='bbox 368 1489 486 1544; x_wconf 89' lang='lat' dir='ltr'><strong>tantum</strong></span> <span class='ocrx_word' id='word_1_115' title='bbox 510 1489 715 1544; x_wconf 86' lang='lat' dir='ltr'><strong>non-certum</strong></span> <span class='ocrx_word' id='word_1_116' title='bbox 747 1481 877 1546; x_wconf 81' lang='lat' dir='ltr'><strong>videtur.</strong></span> <span class='ocrx_word' id='word_1_117' title='bbox 920 1486 981 1548; x_wconf 85' lang='lat' dir='ltr'><strong>Vix</strong></span> <span class='ocrx_word' id='word_1_118' title='bbox 1003 1491 1084 1553; x_wconf 87' lang='lat' dir='ltr'><strong>enim</strong></span> <span class='ocrx_word' id='word_1_119' title='bbox 1109 1501 1157 1554; x_wconf 91' lang='lat' dir='ltr'><strong>est</strong></span> <span class='ocrx_word' id='word_1_120' title='bbox 1180 1515 1253 1557; x_wconf 90' lang='lat' dir='ltr'><strong>cre-</strong></span> 
     </span>
     <span class='ocr_line' id='line_1_15' title="bbox 108 1577 1252 1671; baseline 0.022 -34"><span class='ocrx_word' id='word_1_121' title='bbox 108 1577 216 1653; x_wconf 88' lang='lat' dir='ltr'><strong>dibile,</strong></span> <span class='ocrx_word' id='word_1_122' title='bbox 239 1580 359 1661; x_wconf 78' lang='lat' dir='ltr'><strong>alioqui</strong></span> <span class='ocrx_word' id='word_1_123' title='bbox 382 1603 421 1644; x_wconf 90' lang='lat' dir='ltr'><strong>ne</strong></span> <span class='ocrx_word' id='word_1_124' title='bbox 444 1586 543 1644; x_wconf 88' lang='lat' dir='ltr'><strong>verbo</strong></span> <span class='ocrx_word' id='word_1_125' title='bbox 566 1585 691 1664; x_wconf 88' lang='lat' dir='ltr'><strong>quidem</strong></span> <span class='ocrx_word' id='word_1_126' title='bbox 718 1594 899 1649; x_wconf 78' lang='lat' dir='ltr'><strong>notatarum</strong></span> <span class='ocrx_word' id='word_1_127' title='bbox 920 1588 1018 1650; x_wconf 82' lang='lat' dir='ltr'><strong>tuisse</strong></span> <span class='ocrx_word' id='word_1_128' title='bbox 1040 1603 1174 1671; x_wconf 81' lang='lat' dir='ltr'><strong>poetam.</strong></span> <span class='ocrx_word' id='word_1_129' title='bbox 1202 1601 1252 1662; x_wconf 63' lang='lat' dir='ltr'><strong>,Pa</strong></span> 
     </span>
    </p>
   </div>
   <div class='ocr_carea' id='block_1_4' title="bbox 107 1683 1252 1851">
    <p class='ocr_par' dir='ltr' id='par_1_4' title="bbox 107 1683 1252 1851">
     <span class='ocr_line' id='line_1_16' title="bbox 108 1683 1252 1764; baseline 0.024 -29"><span class='ocrx_word' id='word_1_130' title='bbox 108 1683 184 1736; x_wconf 71' lang='lat' dir='ltr'><strong>riter</strong></span> <span class='ocrx_word' id='word_1_131' title='bbox 206 1702 247 1744; x_wconf 83' lang='lat' dir='ltr'><strong>ex</strong></span> <span class='ocrx_word' id='word_1_132' title='bbox 263 1687 451 1747; x_wconf 85' lang='lat' dir='ltr'><strong>baceadom</strong></span> <span class='ocrx_word' id='word_1_133' title='bbox 474 1701 584 1748; x_wconf 88' lang='lat' dir='ltr'><strong>caussa</strong></span> <span class='ocrx_word' id='word_1_134' title='bbox 603 1706 680 1748; x_wconf 87' lang='lat' dir='ltr'><strong>vero</strong></span> <span class='ocrx_word' id='word_1_135' title='bbox 700 1688 822 1750; x_wconf 87' lang='lat' dir='ltr'><strong>videtur</strong></span> <span class='ocrx_word' id='word_1_136' title='bbox 836 1687 948 1764; x_wconf 87' lang='lat' dir='ltr'><strong>simile,</strong></span> <span class='ocrx_word' id='word_1_137' title='bbox 969 1692 1110 1756; x_wconf 86' lang='lat' dir='ltr'><strong>Procnen</strong></span> <span class='ocrx_word' id='word_1_138' title='bbox 1128 1704 1159 1758; x_wconf 90' lang='lat' dir='ltr'><strong>et</strong></span> <span class='ocrx_word' id='word_1_139' title='bbox 1175 1719 1252 1762; x_wconf 75' lang='lat' dir='ltr'><strong>cor»</strong></span> 
     </span>
     <span class='ocr_line' id='line_1_17' title="bbox 107 1769 1252 1851; baseline 0.005 -19"><span class='ocrx_word' id='word_1_140' title='bbox 107 1791 182 1832; x_wconf 85' lang='lat' dir='ltr'><strong>vum</strong></span> <span class='ocrx_word' id='word_1_141' title='bbox 195 1773 334 1831; x_wconf 80' lang='lat' dir='ltr'><strong>caruisse</strong></span> <span class='ocrx_word' id='word_1_142' title='bbox 349 1771 445 1832; x_wconf 88' lang='lat' dir='ltr'><strong>soleis</strong></span> <span class='ocrx_word' id='word_1_143' title='bbox 458 1769 520 1830; x_wconf 88' lang='lat' dir='ltr'><strong>iliis</strong></span> <span class='ocrx_word' id='word_1_144' title='bbox 536 1775 714 1845; x_wconf 75' lang='lat' dir='ltr'><strong>altioribus,</strong></span> <span class='ocrx_word' id='word_1_145' title='bbox 728 1789 770 1830; x_wconf 74' lang='lat' dir='ltr'><strong>ua</strong></span> <span class='ocrx_word' id='word_1_146' title='bbox 780 1788 896 1849; x_wconf 61' lang='lat' dir='ltr'><strong>qaae„</strong></span> <span class='ocrx_word' id='word_1_147' title='bbox 910 1791 1007 1850; x_wconf 53' lang='lat' dir='ltr'><strong>sapsa</strong></span> <span class='ocrx_word' id='word_1_148' title='bbox 1021 1793 1252 1851; x_wconf 28' lang='lat' dir='ltr'><strong>srmfflmssffls</strong></span> 
     </span>
    </p>
   </div>
   <div class='ocr_carea' id='block_1_5' title="bbox 96 1870 1327 4275">
    <p class='ocr_par' dir='ltr' id='par_1_5' title="bbox 96 1870 1327 4275">
     <span class='ocr_line' id='line_1_18' title="bbox 106 1870 1252 1954; baseline 0.006 -22"><span class='ocrx_word' id='word_1_149' title='bbox 106 1873 203 1954; x_wconf 79' lang='lat' dir='ltr'><strong>igitur</strong></span> <span class='ocrx_word' id='word_1_150' title='bbox 225 1874 315 1936; x_wconf 77' lang='lat' dir='ltr'><strong>nixus</strong></span> <span class='ocrx_word' id='word_1_151' title='bbox 338 1871 554 1951; x_wconf 76' lang='lat' dir='ltr'><strong>discrepantiis</strong></span> <span class='ocrx_word' id='word_1_152' title='bbox 576 1871 619 1930; x_wconf 87' lang='lat' dir='ltr'><strong>ita</strong></span> <span class='ocrx_word' id='word_1_153' title='bbox 642 1871 755 1949; x_wconf 85' lang='lat' dir='ltr'><strong>aliquis</strong></span> <span class='ocrx_word' id='word_1_154' title='bbox 776 1870 994 1938; x_wconf 83' lang='lat' dir='ltr'><strong>ratiocinetur:</strong></span> <span class='ocrx_word' id='word_1_155' title='bbox 1016 1894 1111 1954; x_wconf 88' lang='lat' dir='ltr'><strong>quum</strong></span> <span class='ocrx_word' id='word_1_156' title='bbox 1134 1887 1252 1945; x_wconf 86' lang='lat' dir='ltr'><strong>certum</strong></span> 
     </span>
     <span class='ocr_line' id='line_1_19' title="bbox 105 1972 1250 2058; baseline 0.008 -22"><span class='ocrx_word' id='word_1_157' title='bbox 105 1977 169 2050; x_wconf 60' lang='lat' dir='ltr'><strong>sit,&#39;</strong></span> <span class='ocrx_word' id='word_1_158' title='bbox 191 1973 356 2035; x_wconf 88' lang='lat' dir='ltr'><strong>lusciniam</strong></span> <span class='ocrx_word' id='word_1_159' title='bbox 386 1981 417 2034; x_wconf 87' lang='lat' dir='ltr'><strong>et</strong></span> <span class='ocrx_word' id='word_1_160' title='bbox 438 1991 570 2036; x_wconf 86' lang='lat' dir='ltr'><strong>corvum</strong></span> <span class='ocrx_word' id='word_1_161' title='bbox 590 1991 706 2034; x_wconf 87' lang='lat' dir='ltr'><strong>canere</strong></span> <span class='ocrx_word' id='word_1_162' title='bbox 732 1972 830 2047; x_wconf 88' lang='lat' dir='ltr'><strong>tibiis,</strong></span> <span class='ocrx_word' id='word_1_163' title='bbox 867 1975 1063 2038; x_wconf 86' lang='lat' dir='ltr'><strong>statuendum</strong></span> <span class='ocrx_word' id='word_1_164' title='bbox 1088 1995 1173 2040; x_wconf 80' lang='lat' dir='ltr'><strong>esse·</strong></span> <span class='ocrx_word' id='word_1_165' title='bbox 1188 1990 1250 2058; x_wconf 85' lang='lat' dir='ltr'><strong>aut,</strong></span> 
     </span>
     <span class='ocr_line' id='line_1_20' title="bbox 106 2073 1249 2159; baseline 0.003 -17"><span class='ocrx_word' id='word_1_166' title='bbox 106 2081 189 2142; x_wconf 91' lang='lat' dir='ltr'><strong>inter</strong></span> <span class='ocrx_word' id='word_1_167' title='bbox 202 2083 350 2159; x_wconf 85' lang='lat' dir='ltr'><strong>quattuor</strong></span> <span class='ocrx_word' id='word_1_168' title='bbox 367 2075 438 2136; x_wconf 83' lang='lat' dir='ltr'><strong>illas</strong></span> <span class='ocrx_word' id='word_1_169' title='bbox 455 2091 528 2135; x_wconf 86' lang='lat' dir='ltr'><strong>aves</strong></span> <span class='ocrx_word' id='word_1_170' title='bbox 550 2073 668 2136; x_wconf 88' lang='lat' dir='ltr'><strong>nullum</strong></span> <span class='ocrx_word' id='word_1_171' title='bbox 691 2073 787 2135; x_wconf 85' lang='lat' dir='ltr'><strong>fuisse</strong></span> <span class='ocrx_word' id='word_1_172' title='bbox 810 2073 968 2139; x_wconf 86' lang='lat' dir='ltr'><strong>tibicinem</strong></span> <span class='ocrx_word' id='word_1_173' title='bbox 986 2092 1089 2156; x_wconf 91' lang='lat' dir='ltr'><strong>neque</strong></span> <span class='ocrx_word' id='word_1_174' title='bbox 1105 2079 1249 2146; x_wconf 87' lang='lat' dir='ltr'><strong>tibicines</strong></span> 
     </span>
     <span class='ocr_line' id='line_1_21' title="bbox 106 2178 1248 2260; baseline 0.009 -18"><span class='ocrx_word' id='word_1_175' title='bbox 106 2183 249 2243; x_wconf 85' lang='lat' dir='ltr'><strong>scenicos</strong></span> <span class='ocrx_word' id='word_1_176' title='bbox 280 2180 324 2240; x_wconf 86' lang='lat' dir='ltr'><strong>nti</strong></span> <span class='ocrx_word' id='word_1_177' title='bbox 355 2178 520 2241; x_wconf 74' lang='lat' dir='ltr'><strong>altioribus</strong></span> <span class='ocrx_word' id='word_1_178' title='bbox 552 2179 648 2240; x_wconf 89' lang='lat' dir='ltr'><strong>soleis</strong></span> <span class='ocrx_word' id='word_1_179' title='bbox 683 2198 878 2254; x_wconf 84' lang='lat' dir='ltr'><strong>consuesse,</strong></span> <span class='ocrx_word' id='word_1_180' title='bbox 910 2189 964 2242; x_wconf 88' lang='lat' dir='ltr'><strong>aut</strong></span> <span class='ocrx_word' id='word_1_181' title='bbox 996 2190 1144 2260; x_wconf 85' lang='lat' dir='ltr'><strong>quattuor</strong></span> <span class='ocrx_word' id='word_1_182' title='bbox 1173 2207 1248 2252; x_wconf 88' lang='lat' dir='ltr'><strong>aves</strong></span> 
     </span>
     <span class='ocr_line' id='line_1_22' title="bbox 106 2281 1248 2368; baseline 0.008 -23"><span class='ocrx_word' id='word_1_183' title='bbox 106 2286 236 2346; x_wconf 89' lang='lat' dir='ltr'><strong>omnino</strong></span> <span class='ocrx_word' id='word_1_184' title='bbox 261 2303 324 2344; x_wconf 88' lang='lat' dir='ltr'><strong>non</strong></span> <span class='ocrx_word' id='word_1_185' title='bbox 346 2283 443 2343; x_wconf 84' lang='lat' dir='ltr'><strong>fuisse</strong></span> <span class='ocrx_word' id='word_1_186' title='bbox 464 2281 611 2344; x_wconf 90' lang='lat' dir='ltr'><strong>musicos.</strong></span> <span class='ocrx_word' id='word_1_187' title='bbox 655 2284 702 2346; x_wconf 79' lang='lat' dir='ltr'><strong>Ex</strong></span> <span class='ocrx_word' id='word_1_188' title='bbox 721 2281 834 2360; x_wconf 88' lang='lat' dir='ltr'><strong>quibus</strong></span> <span class='ocrx_word' id='word_1_189' title='bbox 856 2303 951 2362; x_wconf 89' lang='lat' dir='ltr'><strong>quum</strong></span> <span class='ocrx_word' id='word_1_190' title='bbox 971 2301 1019 2360; x_wconf 84' lang='lat' dir='ltr'><strong>eu,</strong></span> <span class='ocrx_word' id='word_1_191' title='bbox 1043 2303 1124 2364; x_wconf 85' lang='lat' dir='ltr'><strong>quae</strong></span> <span class='ocrx_word' id='word_1_192' title='bbox 1141 2291 1248 2368; x_wconf 87' lang='lat' dir='ltr'><strong>priore</strong></span> 
     </span>
     <span class='ocr_line' id='line_1_23' title="bbox 105 2382 1247 2465; baseline 0.013 -21"><span class='ocrx_word' id='word_1_193' title='bbox 105 2385 180 2446; x_wconf 89' lang='lat' dir='ltr'><strong>loco</strong></span> <span class='ocrx_word' id='word_1_194' title='bbox 203 2386 307 2465; x_wconf 88' lang='lat' dir='ltr'><strong>posita</strong></span> <span class='ocrx_word' id='word_1_195' title='bbox 338 2391 423 2459; x_wconf 83' lang='lat' dir='ltr'><strong>sunt,</strong></span> <span class='ocrx_word' id='word_1_196' title='bbox 456 2382 509 2446; x_wconf 78' lang='lat' dir='ltr'><strong>vix</strong></span> <span class='ocrx_word' id='word_1_197' title='bbox 540 2382 611 2444; x_wconf 73' lang='lat' dir='ltr'><strong>tier-i</strong></span> <span class='ocrx_word' id='word_1_198' title='bbox 639 2384 741 2464; x_wconf 91' lang='lat' dir='ltr'><strong>possit</strong></span> <span class='ocrx_word' id='word_1_199' title='bbox 770 2392 803 2446; x_wconf 91' lang='lat' dir='ltr'><strong>ut</strong></span> <span class='ocrx_word' id='word_1_200' title='bbox 834 2386 1016 2460; x_wconf 83' lang='lat' dir='ltr'><strong>credemus,</strong></span> <span class='ocrx_word' id='word_1_201' title='bbox 1047 2388 1146 2452; x_wconf 90' lang='lat' dir='ltr'><strong>altera</strong></span> <span class='ocrx_word' id='word_1_202' title='bbox 1167 2395 1247 2458; x_wconf 87' lang='lat' dir='ltr'><strong>haec</strong></span> 
     </span>
     <span class='ocr_line' id='line_1_24' title="bbox 103 2485 1248 2571; baseline 0.003 -24"><span class='ocrx_word' id='word_1_203' title='bbox 103 2487 303 2550; x_wconf 88' lang='lat' dir='ltr'><strong>ratiocinatio</strong></span> <span class='ocrx_word' id='word_1_204' title='bbox 321 2486 434 2548; x_wconf 88' lang='lat' dir='ltr'><strong>eodem</strong></span> <span class='ocrx_word' id='word_1_205' title='bbox 452 2485 589 2559; x_wconf 88' lang='lat' dir='ltr'><strong>duceret,</strong></span> <span class='ocrx_word' id='word_1_206' title='bbox 610 2505 676 2566; x_wconf 88' lang='lat' dir='ltr'><strong>quo</strong></span> <span class='ocrx_word' id='word_1_207' title='bbox 698 2486 884 2567; x_wconf 71' lang='lat' dir='ltr'><strong>illaquam</strong></span> <span class='ocrx_word' id='word_1_208' title='bbox 906 2488 1016 2570; x_wconf 90' lang='lat' dir='ltr'><strong>paullo</strong></span> <span class='ocrx_word' id='word_1_209' title='bbox 1035 2509 1131 2571; x_wconf 88' lang='lat' dir='ltr'><strong>supra</strong></span> <span class='ocrx_word' id='word_1_210' title='bbox 1156 2514 1248 2558; x_wconf 73' lang='lat' dir='ltr'><strong>com.</strong></span> 
     </span>
     <span class='ocr_line' id='line_1_25' title="bbox 104 2588 1247 2672; baseline 0.006 -22"><span class='ocrx_word' id='word_1_211' title='bbox 104 2588 340 2652; x_wconf 84' lang='lat' dir='ltr'><strong>munioavimus.</strong></span> <span class='ocrx_word' id='word_1_212' title='bbox 360 2603 401 2636; x_wconf 81' lang='lat'><strong>-&#39;-</strong></span> <span class='ocrx_word' id='word_1_213' title='bbox 423 2590 472 2651; x_wconf 81' lang='lat' dir='ltr'><strong>Ad</strong></span> <span class='ocrx_word' id='word_1_214' title='bbox 500 2589 581 2650; x_wconf 89' lang='lat' dir='ltr'><strong>haec</strong></span> <span class='ocrx_word' id='word_1_215' title='bbox 604 2589 698 2671; x_wconf 84' lang='lat' dir='ltr'><strong>igitur</strong></span> <span class='ocrx_word' id='word_1_216' title='bbox 716 2591 783 2672; x_wconf 89' lang='lat' dir='ltr'><strong>jam</strong></span> <span class='ocrx_word' id='word_1_217' title='bbox 812 2592 871 2652; x_wconf 90' lang='lat' dir='ltr'><strong>erit</strong></span> <span class='ocrx_word' id='word_1_218' title='bbox 898 2593 1155 2671; x_wconf 80' lang='lat' dir='ltr'><strong>respondendum</strong></span> <span class='ocrx_word' id='word_1_219' title='bbox 1177 2601 1247 2662; x_wconf 70' lang='lat' dir='ltr'><strong>sin..</strong></span> 
     </span>
     <span class='ocr_line' id='line_1_26' title="bbox 102 2691 1245 2774; baseline 0.012 -24"><span class='ocrx_word' id='word_1_220' title='bbox 102 2691 245 2773; x_wconf 78' lang='lat' dir='ltr'><strong>gillotim.</strong></span> <span class='ocrx_word' id='word_1_221' title='bbox 302 2693 372 2767; x_wconf 89' lang='lat' dir='ltr'><strong>Qua</strong></span> <span class='ocrx_word' id='word_1_222' title='bbox 400 2693 432 2753; x_wconf 90' lang='lat' dir='ltr'><strong>in</strong></span> <span class='ocrx_word' id='word_1_223' title='bbox 462 2714 497 2756; x_wconf 85' lang='lat' dir='ltr'><strong>re</strong></span> <span class='ocrx_word' id='word_1_224' title='bbox 526 2696 648 2774; x_wconf 86' lang='lat' dir='ltr'><strong>agenda</strong></span> <span class='ocrx_word' id='word_1_225' title='bbox 680 2696 753 2756; x_wconf 90' lang='lat' dir='ltr'><strong>dum</strong></span> <span class='ocrx_word' id='word_1_226' title='bbox 782 2696 814 2756; x_wconf 88' lang='lat' dir='ltr'><strong>in</strong></span> <span class='ocrx_word' id='word_1_227' title='bbox 845 2696 1022 2758; x_wconf 89' lang='lat' dir='ltr'><strong>universum</strong></span> <span class='ocrx_word' id='word_1_228' title='bbox 1053 2701 1245 2764; x_wconf 85' lang='lat' dir='ltr'><strong>servabimus</strong></span> 
     </span>
     <span class='ocr_line' id='line_1_27' title="bbox 104 2793 1246 2869; baseline 0.01 -15"><span class='ocrx_word' id='word_1_229' title='bbox 104 2795 257 2869; x_wconf 70' lang='lat' dir='ltr'><strong>ordinem,</strong></span> <span class='ocrx_word' id='word_1_230' title='bbox 280 2793 400 2854; x_wconf 89' lang='lat' dir='ltr'><strong>initium</strong></span> <span class='ocrx_word' id='word_1_231' title='bbox 417 2803 523 2856; x_wconf 88' lang='lat' dir='ltr'><strong>tamen</strong></span> <span class='ocrx_word' id='word_1_232' title='bbox 546 2796 679 2858; x_wconf 86' lang='lat' dir='ltr'><strong>facimus</strong></span> <span class='ocrx_word' id='word_1_233' title='bbox 700 2797 740 2858; x_wconf 90' lang='lat' dir='ltr'><strong>de</strong></span> <span class='ocrx_word' id='word_1_234' title='bbox 764 2817 860 2858; x_wconf 88' lang='lat' dir='ltr'><strong>corvo</strong></span> <span class='ocrx_word' id='word_1_235' title='bbox 885 2797 1085 2862; x_wconf 84' lang='lat' dir='ltr'><strong>disserentes.</strong></span> <span class='ocrx_word' id='word_1_236' title='bbox 1128 2803 1156 2864; x_wconf 88' lang='lat' dir='ltr'><strong>ls</strong></span> <span class='ocrx_word' id='word_1_237' title='bbox 1172 2823 1246 2864; x_wconf 88' lang='lat' dir='ltr'><strong>mu·-</strong></span> 
     </span>
     <span class='ocr_line' id='line_1_28' title="bbox 103 2895 1246 2976; baseline 0.01 -20"><span class='ocrx_word' id='word_1_238' title='bbox 103 2897 185 2957; x_wconf 86' lang='lat' dir='ltr'><strong>sicus</strong></span> <span class='ocrx_word' id='word_1_239' title='bbox 209 2914 310 2975; x_wconf 90' lang='lat' dir='ltr'><strong>neque</strong></span> <span class='ocrx_word' id='word_1_240' title='bbox 333 2895 374 2954; x_wconf 85' lang='lat' dir='ltr'><strong>ad</strong></span> <span class='ocrx_word' id='word_1_241' title='bbox 397 2895 528 2956; x_wconf 90' lang='lat' dir='ltr'><strong>chorum</strong></span> <span class='ocrx_word' id='word_1_242' title='bbox 544 2897 681 2974; x_wconf 87' lang='lat' dir='ltr'><strong>pertinet</strong></span> <span class='ocrx_word' id='word_1_243' title='bbox 702 2915 804 2976; x_wconf 86' lang='lat' dir='ltr'><strong>neque</strong></span> <span class='ocrx_word' id='word_1_244' title='bbox 825 2899 866 2959; x_wconf 78' lang='lat' dir='ltr'><strong>aul</strong></span> <span class='ocrx_word' id='word_1_245' title='bbox 889 2905 1022 2971; x_wconf 87' lang='lat' dir='ltr'><strong>actores,</strong></span> <span class='ocrx_word' id='word_1_246' title='bbox 1045 2903 1102 2964; x_wconf 89' lang='lat' dir='ltr'><strong>sed</strong></span> <span class='ocrx_word' id='word_1_247' title='bbox 1125 2905 1166 2964; x_wconf 89' lang='lat' dir='ltr'><strong>ad</strong></span> <span class='ocrx_word' id='word_1_248' title='bbox 1181 2925 1246 2967; x_wconf 83' lang='lat' dir='ltr'><strong>so-</strong></span> 
     </span>
     <span class='ocr_line' id='line_1_29' title="bbox 103 2995 1244 3087; baseline 0.009 -31"><span class='ocrx_word' id='word_1_249' title='bbox 103 2997 166 3056; x_wconf 89' lang='lat' dir='ltr'><strong>lam</strong></span> <span class='ocrx_word' id='word_1_250' title='bbox 195 3016 358 3076; x_wconf 74' lang='lat' dir='ltr'><strong>quompam,</strong></span> <span class='ocrx_word' id='word_1_251' title='bbox 393 3013 475 3075; x_wconf 87' lang='lat' dir='ltr'><strong>quae</strong></span> <span class='ocrx_word' id='word_1_252' title='bbox 498 2995 535 3087; x_wconf 61' lang='lat' dir='ltr'><strong>¹iu</strong></span> <span class='ocrx_word' id='word_1_253' title='bbox 564 3015 691 3056; x_wconf 89' lang='lat' dir='ltr'><strong>scenam</strong></span> <span class='ocrx_word' id='word_1_254' title='bbox 720 2997 891 3072; x_wconf 86' lang='lat' dir='ltr'><strong>inducitur;</strong></span> <span class='ocrx_word' id='word_1_255' title='bbox 921 3007 1029 3060; x_wconf 88' lang='lat' dir='ltr'><strong>notum</strong></span> <span class='ocrx_word' id='word_1_256' title='bbox 1061 3010 1244 3080; x_wconf 79' lang='lat' dir='ltr'><strong>astantem,</strong></span> 
     </span>
     <span class='ocr_line' id='line_1_30' title="bbox 104 3097 1245 3180; baseline 0.004 -20"><span class='ocrx_word' id='word_1_257' title='bbox 104 3108 227 3160; x_wconf 84' lang='lat' dir='ltr'><strong>veteres</strong></span> <span class='ocrx_word' id='word_1_258' title='bbox 264 3099 376 3159; x_wconf 87' lang='lat' dir='ltr'><strong>solitos</strong></span> <span class='ocrx_word' id='word_1_259' title='bbox 409 3097 506 3158; x_wconf 82' lang='lat' dir='ltr'><strong>brisso</strong></span> <span class='ocrx_word' id='word_1_260' title='bbox 540 3099 637 3159; x_wconf 88' lang='lat' dir='ltr'><strong>sacris</strong></span> <span class='ocrx_word' id='word_1_261' title='bbox 674 3097 817 3160; x_wconf 87' lang='lat' dir='ltr'><strong>tibicines</strong></span> <span class='ocrx_word' id='word_1_262' title='bbox 851 3098 1012 3160; x_wconf 85' lang='lat' dir='ltr'><strong>adbibere.</strong></span> <span class='ocrx_word' id='word_1_263' title='bbox 1056 3102 1117 3172; x_wconf 85' lang='lat' dir='ltr'><strong>Qui</strong></span> <span class='ocrx_word' id='word_1_264' title='bbox 1150 3112 1245 3180; x_wconf 86' lang='lat' dir='ltr'><strong>post·</strong></span> 
     </span>
     <span class='ocr_line' id='line_1_31' title="bbox 104 3198 1327 3280; baseline 0.005 -20"><span class='ocrx_word' id='word_1_265' title='bbox 104 3219 197 3280; x_wconf 90' lang='lat' dir='ltr'><strong>quam</strong></span> <span class='ocrx_word' id='word_1_266' title='bbox 226 3217 351 3260; x_wconf 91' lang='lat' dir='ltr'><strong>scenam</strong></span> <span class='ocrx_word' id='word_1_267' title='bbox 375 3201 533 3277; x_wconf 87' lang='lat' dir='ltr'><strong>ingressus</strong></span> <span class='ocrx_word' id='word_1_268' title='bbox 557 3204 604 3258; x_wconf 89' lang='lat' dir='ltr'><strong>est</strong></span> <span class='ocrx_word' id='word_1_269' title='bbox 627 3207 699 3277; x_wconf 90' lang='lat' dir='ltr'><strong>post</strong></span> <span class='ocrx_word' id='word_1_270' title='bbox 714 3199 863 3273; x_wconf 76' lang='lat' dir='ltr'><strong>Va.&#39;&#39;850,</strong></span> <span class='ocrx_word' id='word_1_271' title='bbox 891 3198 956 3260; x_wconf 85' lang='lat' dir='ltr'><strong>abit</strong></span> <span class='ocrx_word' id='word_1_272' title='bbox 978 3206 1053 3276; x_wconf 87' lang='lat' dir='ltr'><strong>post</strong></span> <span class='ocrx_word' id='word_1_273' title='bbox 1070 3201 1122 3262; x_wconf 88' lang='lat' dir='ltr'><strong>Vs.</strong></span> <span class='ocrx_word' id='word_1_274' title='bbox 1146 3204 1242 3279; x_wconf 85' lang='lat'>1057;</span> <span class='ocrx_word' id='word_1_275' title='bbox 1323 3263 1327 3271; x_wconf 73' lang='grc'><strong><em>,</em></strong></span> 
     </span>
     <span class='ocr_line' id='line_1_32' title="bbox 100 3293 1243 3384; baseline 0.004 -20"><span class='ocrx_word' id='word_1_276' title='bbox 100 3304 126 3364; x_wconf 80' lang='lat' dir='ltr'><strong>ei</strong></span> <span class='ocrx_word' id='word_1_277' title='bbox 148 3309 317 3384; x_wconf 86' lang='lat' dir='ltr'><strong>praeterea</strong></span> <span class='ocrx_word' id='word_1_278' title='bbox 340 3293 606 3373; x_wconf 77' lang='lat' dir='ltr'><strong>tibia&#39;cecinerit‚</strong></span> <span class='ocrx_word' id='word_1_279' title='bbox 639 3319 722 3380; x_wconf 90' lang='lat' dir='ltr'><strong>pone</strong></span> <span class='ocrx_word' id='word_1_280' title='bbox 752 3317 879 3362; x_wconf 87' lang='lat' dir='ltr'><strong>scenam</strong></span> <span class='ocrx_word' id='word_1_281' title='bbox 901 3300 1014 3362; x_wconf 86' lang='lat' dir='ltr'><strong>fecerit</strong></span> <span class='ocrx_word' id='word_1_282' title='bbox 1035 3321 1165 3366; x_wconf 89' lang='lat' dir='ltr'><strong>necesse</strong></span> <span class='ocrx_word' id='word_1_283' title='bbox 1188 3315 1243 3384; x_wconf 87' lang='lat' dir='ltr'><strong>cst,</strong></span> 
     </span>
     <span class='ocr_line' id='line_1_33' title="bbox 102 3400 1243 3485; baseline 0.005 -21"><span class='ocrx_word' id='word_1_284' title='bbox 102 3403 205 3485; x_wconf 90' lang='lat' dir='ltr'><strong>quod,</strong></span> <span class='ocrx_word' id='word_1_285' title='bbox 241 3421 296 3465; x_wconf 82' lang='lat' dir='ltr'><strong>cur</strong></span> <span class='ocrx_word' id='word_1_286' title='bbox 317 3405 360 3464; x_wconf 89' lang='lat' dir='ltr'><strong>ita</strong></span> <span class='ocrx_word' id='word_1_287' title='bbox 393 3401 433 3464; x_wconf 90' lang='lat' dir='ltr'><strong>sit</strong></span> <span class='ocrx_word' id='word_1_288' title='bbox 462 3401 651 3476; x_wconf 88' lang='lat' dir='ltr'><strong>institutum,</strong></span> <span class='ocrx_word' id='word_1_289' title='bbox 688 3420 784 3481; x_wconf 89' lang='lat' dir='ltr'><strong>quum</strong></span> <span class='ocrx_word' id='word_1_290' title='bbox 814 3400 941 3462; x_wconf 87' lang='lat' dir='ltr'><strong>idoneis</strong></span> <span class='ocrx_word' id='word_1_291' title='bbox 969 3403 1145 3468; x_wconf 88' lang='lat' dir='ltr'><strong>rationibus</strong></span> <span class='ocrx_word' id='word_1_292' title='bbox 1178 3425 1243 3470; x_wconf 90' lang='lat' dir='ltr'><strong>nou</strong></span> 
     </span>
     <span class='ocr_line' id='line_1_34' title="bbox 98 3502 1241 3586; baseline 0.004 -21"><span class='ocrx_word' id='word_1_293' title='bbox 98 3505 208 3586; x_wconf 81' lang='lat' dir='ltr'><strong>possit¹</strong></span> <span class='ocrx_word' id='word_1_294' title='bbox 222 3503 440 3577; x_wconf 84' lang='lat' dir='ltr'><strong>demonstrari,</strong></span> <span class='ocrx_word' id='word_1_295' title='bbox 462 3502 566 3582; x_wconf 89' lang='lat' dir='ltr'><strong>potius</strong></span> <span class='ocrx_word' id='word_1_296' title='bbox 588 3503 827 3564; x_wconf 80' lang='lat' dir='ltr'><strong>concedendum</strong></span> <span class='ocrx_word' id='word_1_297' title='bbox 849 3503 925 3579; x_wconf 89' lang='lat' dir='ltr'><strong>erit,</strong></span> <span class='ocrx_word' id='word_1_298' title='bbox 946 3522 1011 3566; x_wconf 90' lang='lat' dir='ltr'><strong>non</strong></span> <span class='ocrx_word' id='word_1_299' title='bbox 1027 3508 1241 3572; x_wconf 76' lang='lat' dir='ltr'><strong>esseiactum.</strong></span> 
     </span>
     <span class='ocr_line' id='line_1_35' title="bbox 100 3605 1243 3686; baseline 0.006 -20"><span class='ocrx_word' id='word_1_300' title='bbox 100 3607 202 3682; x_wconf 82' lang='lat' dir='ltr'><strong>Quin,</strong></span> <span class='ocrx_word' id='word_1_301' title='bbox 238 3625 309 3666; x_wconf 91' lang='lat' dir='ltr'><strong>eum</strong></span> <span class='ocrx_word' id='word_1_302' title='bbox 331 3624 371 3666; x_wconf 94' lang='lat' dir='ltr'><strong>ne</strong></span> <span class='ocrx_word' id='word_1_303' title='bbox 393 3606 431 3665; x_wconf 88' lang='lat' dir='ltr'><strong>iis</strong></span> <span class='ocrx_word' id='word_1_304' title='bbox 454 3605 580 3684; x_wconf 84' lang='lat' dir='ltr'><strong>quidem</strong></span> <span class='ocrx_word' id='word_1_305' title='bbox 604 3605 733 3668; x_wconf 88' lang='lat' dir='ltr'><strong>canticis</strong></span> <span class='ocrx_word' id='word_1_306' title='bbox 755 3605 833 3666; x_wconf 87' lang='lat' dir='ltr'><strong>tibia</strong></span> <span class='ocrx_word' id='word_1_307' title='bbox 855 3605 1034 3685; x_wconf 82' lang='lat' dir='ltr'><strong>adspirare,</strong></span> <span class='ocrx_word' id='word_1_308' title='bbox 1066 3618 1243 3686; x_wconf 78' lang='lat' dir='ltr'><strong>quaesunt</strong></span> 
     </span>
     <span class='ocr_line' id='line_1_36' title="bbox 98 3705 1240 3788; baseline 0.003 -18"><span class='ocrx_word' id='word_1_309' title='bbox 98 3711 150 3770; x_wconf 84' lang='lat' dir='ltr'><strong>Vs.</strong></span> <span class='ocrx_word' id='word_1_310' title='bbox 170 3709 230 3774; x_wconf 79' lang='lat'><strong>851</strong></span> <span class='ocrx_word' id='word_1_311' title='bbox 255 3729 324 3788; x_wconf 88' lang='lat' dir='ltr'><strong>sqq.</strong></span> <span class='ocrx_word' id='word_1_312' title='bbox 356 3715 388 3769; x_wconf 88' lang='lat' dir='ltr'><strong>et</strong></span> <span class='ocrx_word' id='word_1_313' title='bbox 409 3707 472 3769; x_wconf 82' lang='lat'><strong>895</strong></span> <span class='ocrx_word' id='word_1_314' title='bbox 493 3725 571 3785; x_wconf 82' lang='lat' dir='ltr'><strong>sqq,</strong></span> <span class='ocrx_word' id='word_1_315' title='bbox 601 3705 810 3783; x_wconf 86' lang='lat' dir='ltr'><strong>probabiliter</strong></span> <span class='ocrx_word' id='word_1_316' title='bbox 831 3706 976 3770; x_wconf 82' lang='lat' dir='ltr'><strong>concludi</strong></span> <span class='ocrx_word' id='word_1_317' title='bbox 999 3715 1105 3787; x_wconf 83' lang='lat' dir='ltr'><strong>potest</strong></span> <span class='ocrx_word' id='word_1_318' title='bbox 1127 3729 1167 3772; x_wconf 85' lang='lat' dir='ltr'><strong>ex</strong></span> <span class='ocrx_word' id='word_1_319' title='bbox 1190 3725 1240 3788; x_wconf 85' lang='lat' dir='ltr'><strong>eo,</strong></span> 
     </span>
     <span class='ocr_line' id='line_1_37' title="bbox 97 3807 1239 3896; baseline 0.004 -24"><span class='ocrx_word' id='word_1_320' title='bbox 97 3811 190 3892; x_wconf 87' lang='lat' dir='ltr'><strong>quod&#39;</strong></span> <span class='ocrx_word' id='word_1_321' title='bbox 216 3811 341 3874; x_wconf 82' lang='lat' dir='ltr'><strong>demum</strong></span> <span class='ocrx_word' id='word_1_322' title='bbox 368 3811 428 3874; x_wconf 88' lang='lat' dir='ltr'><strong>sub</strong></span> <span class='ocrx_word' id='word_1_323' title='bbox 448 3808 546 3870; x_wconf 87' lang='lat' dir='ltr'><strong>finam</strong></span> <span class='ocrx_word' id='word_1_324' title='bbox 576 3807 692 3888; x_wconf 86' lang='lat' dir='ltr'><strong>prioris</strong></span> <span class='ocrx_word' id='word_1_325' title='bbox 724 3807 835 3872; x_wconf 78' lang='lat' dir='ltr'><strong>cunbci</strong></span> <span class='ocrx_word' id='word_1_326' title='bbox 867 3807 945 3872; x_wconf 86' lang='lat' dir='ltr'><strong>tibia</strong></span> <span class='ocrx_word' id='word_1_327' title='bbox 967 3828 1080 3874; x_wconf 80' lang='lat' dir='ltr'><strong>cauere</strong></span> <span class='ocrx_word' id='word_1_328' title='bbox 1100 3813 1239 3896; x_wconf 83' lang='lat' dir='ltr'><strong>jubetur.</strong></span> 
     </span>
     <span class='ocr_line' id='line_1_38' title="bbox 97 3909 1239 3987; baseline 0.002 -15"><span class='ocrx_word' id='word_1_329' title='bbox 97 3909 222 3986; x_wconf 86' lang='lat' dir='ltr'><strong>Similis,</strong></span> <span class='ocrx_word' id='word_1_330' title='bbox 244 3920 279 3974; x_wconf 93' lang='lat' dir='ltr'><strong>ut</strong></span> <span class='ocrx_word' id='word_1_331' title='bbox 299 3913 431 3987; x_wconf 83' lang='lat' dir='ltr'><strong>videtur,</strong></span> <span class='ocrx_word' id='word_1_332' title='bbox 453 3911 511 3974; x_wconf 90' lang='lat' dir='ltr'><strong>sed</strong></span> <span class='ocrx_word' id='word_1_333' title='bbox 525 3910 663 3974; x_wconf 88' lang='lat' dir='ltr'><strong>·divorsa</strong></span> <span class='ocrx_word' id='word_1_334' title='bbox 687 3918 793 3972; x_wconf 69' lang='lat' dir='ltr'><strong>mmcn</strong></span> <span class='ocrx_word' id='word_1_335' title='bbox 814 3909 967 3974; x_wconf 73' lang='lat' dir='ltr'><strong>lusciniae</strong></span> <span class='ocrx_word' id='word_1_336' title='bbox 988 3915 1070 3976; x_wconf 87' lang='lat' dir='ltr'><strong>ratio</strong></span> <span class='ocrx_word' id='word_1_337' title='bbox 1094 3924 1149 3979; x_wconf 88' lang='lat' dir='ltr'><strong>est.</strong></span> <span class='ocrx_word' id='word_1_338' title='bbox 1192 3918 1239 3975; x_wconf 87' lang='lat' dir='ltr'><strong>Ea</strong></span> 
     </span>
     <span class='ocr_line' id='line_1_39' title="bbox 97 4011 1237 4093; baseline -0.003 -21"><span class='ocrx_word' id='word_1_339' title='bbox 97 4018 128 4072; x_wconf 91' lang='lat' dir='ltr'><strong>et</strong></span> <span class='ocrx_word' id='word_1_340' title='bbox 158 4013 229 4092; x_wconf 87' lang='lat' dir='ltr'><strong>ipsa</strong></span> <span class='ocrx_word' id='word_1_341' title='bbox 259 4011 355 4074; x_wconf 83' lang='lat' dir='ltr'><strong>breve</strong></span> <span class='ocrx_word' id='word_1_342' title='bbox 378 4019 497 4072; x_wconf 88' lang='lat' dir='ltr'><strong>tantum</strong></span> <span class='ocrx_word' id='word_1_343' title='bbox 527 4021 648 4093; x_wconf 88' lang='lat' dir='ltr'><strong>tempus</strong></span> <span class='ocrx_word' id='word_1_344' title='bbox 678 4018 822 4072; x_wconf 88' lang='lat' dir='ltr'><strong>versatur</strong></span> <span class='ocrx_word' id='word_1_345' title='bbox 850 4011 882 4074; x_wconf 88' lang='lat' dir='ltr'><strong>in</strong></span> <span class='ocrx_word' id='word_1_346' title='bbox 904 4031 1009 4076; x_wconf 83' lang='lat' dir='ltr'><strong>soene.</strong></span> <span class='ocrx_word' id='word_1_347' title='bbox 1061 4017 1133 4078; x_wconf 81' lang='lat' dir='ltr'><strong>Abit</strong></span> <span class='ocrx_word' id='word_1_348' title='bbox 1155 4015 1237 4076; x_wconf 90' lang='lat' dir='ltr'><strong>enim</strong></span> 
     </span>
     <span class='ocr_line' id='line_1_40' title="bbox 96 4107 1236 4196; baseline -0.004 -22"><span class='ocrx_word' id='word_1_349' title='bbox 96 4113 199 4174; x_wconf 87' lang='lat' dir='ltr'><strong>statim</strong></span> <span class='ocrx_word' id='word_1_350' title='bbox 222 4121 297 4193; x_wconf 81' lang='lat' dir='ltr'><strong>post</strong></span> <span class='ocrx_word' id='word_1_351' title='bbox 329 4114 383 4174; x_wconf 85' lang='lat' dir='ltr'><strong>Vs.</strong></span> <span class='ocrx_word' id='word_1_352' title='bbox 406 4113 481 4187; x_wconf 80' lang='lat'>800,</span> <span class='ocrx_word' id='word_1_353' title='bbox 504 4114 536 4175; x_wconf 85' lang='lat' dir='ltr'><strong>id</strong></span> <span class='ocrx_word' id='word_1_354' title='bbox 559 4115 645 4196; x_wconf 86' lang='lat' dir='ltr'><strong>qnod</strong></span> <span class='ocrx_word' id='word_1_355' title='bbox 669 4131 739 4176; x_wconf 88' lang='lat' dir='ltr'><strong>cum</strong></span> <span class='ocrx_word' id='word_1_356' title='bbox 769 4111 838 4176; x_wconf 83' lang='lat' dir='ltr'><strong>aliis</strong></span> <span class='ocrx_word' id='word_1_357' title='bbox 865 4112 904 4176; x_wconf 81' lang='lat' dir='ltr'><strong>de</strong></span> <span class='ocrx_word' id='word_1_358' title='bbox 929 4115 1047 4178; x_wconf 81' lang='lat' dir='ltr'><strong>caussis</strong></span> <span class='ocrx_word' id='word_1_359' title='bbox 1067 4107 1236 4193; x_wconf 62' lang='lat' dir='ltr'><strong>probabile</strong></span> 
     </span>
     <span class='ocr_line' id='line_1_41' title="bbox 923 4217 965 4275; baseline 0 -33"><span class='ocrx_word' id='word_1_360' title='bbox 923 4217 965 4275; x_wconf 70' lang='lat'><strong>4.</strong></span> 
     </span>
    </p>
   </div>
   <div class='ocr_carea' id='block_1_6' title="bbox 0 0 1460 4672">
    <p class='ocr_par' dir='ltr' id='par_1_6' title="bbox 0 0 1460 4672">
     <span class='ocr_line' id='line_1_42' title="bbox 0 0 1460 4672; baseline 0 6"><span class='ocrx_word' id='word_1_361' title='bbox 0 0 1460 4672; x_wconf 95' lang='lat' dir='ltr'><strong> </strong></span> 
     </span>
    </p>
   </div>
  </div>
 </body>
</html>
