2910 4672
720 86 928 150 ..40-

262 263 372 348 φαγᾰς
400 257 589 341 appellatur,
621 276 685 320 ncn
712 257 827 338 iiquet;
855 256 914 318 sed
943 256 1222 340 phoenicopterum
1247 255 1386 334 cristam,

261 385 325 430 nou
357 364 495 440 habere,
530 381 569 425 ex
598 359 732 426 naturali
761 359 894 424 historia
922 367 1052 427 coortu
1094 364 1161 427 Jam
1182 379 1274 438 raro,
1297 361 1386 443 quid,

262 486 392 532 caussae
424 485 493 534 esse
524 465 640 547 possit,
664 477 732 526 ¹cur
760 465 838 528 duas
866 461 916 526 rel
946 469 1008 528 tres
1038 463 1178 532 cristatas
1200 465 1387 546 produxerit

261 578 375 651 poeta,
397 570 474 632 duas
496 569 547 632 vel
569 586 660 632 imam
683 565 776 630 crista
798 573 948 643 carentes,
970 587 1064 648 quun
1084 587 1142 650 per
1167 585 1201 632 se
1222 567 1311 632 haud
1331 568 1386 630 in·-

260 673 433 754 telligatur,
465 679 530 736 tum
560 691 598 735 eo
628 669 728 732 minus
769 676 817 734 est
844 669 877 733 iu
908 669 1014 750 aprico
1037 670 1192 751 positum,
1221 671 1309 750 qnod
1338 690 1386 747 ea,

261 792 342 855 quae
374 781 459 840 certo
492 775 616 838 cristam
647 790 712 835 non
733 770 849 848 hahet,
882 771 972 834 sirnul
1004 787 1043 836 eu
1074 779 1140 848 est,
1173 788 1266 852 quam
1288 781 1386 852 poeta

260 893 371 956 agmen
392 875 466 938 iecit
487 876 667 950 ducentem;
699 891 791 954 quam
817 891 855 935 eo
880 874 1012 951 decore,
1042 891 1107 954 quo
1129 872 1384 957 reliquaegavi-

260 997 315 1040 sae
349 978 478 1056 tuerint,
516 977 694 1041 destitutam
725 974 841 1052 fuisse,
877 975 1001 1041 difficile
1036 986 1086 1040 est
1111 977 1153 1040 ad
1183 978 1385 1044 credendum.

261 1081 391 1142 Accedit
410 1081 451 1142 ad
472 1080 554 1157 hoc,
576 1080 671 1161 qood,
695 1079 827 1160 opinor,
850 1073 948 1159 quiris
967 1099 1065 1157 uuus,
1088 1079 1141 1160 qui
1162 1081 1215 1144 Vs.
1239 1081 1299 1146 291
1325 1101 1384 1146 ac·-

261 1183 395 1248 curatius
417 1181 603 1262 inspexerit,
637 1180 714 1244 mihi
735 1181 891 1263 largietur,
913 1189 1041 1261 poetam
1070 1180 1114 1244 ita
1140 1181 1204 1245 hcc
1233 1182 1308 1246 loco
1332 1186 1384 1248 di-

260 1291 380 1346 centem
401 1283 507 1346 tscero
535 1282 777 1360 Pisthetaorum,
800 1281 852 1344 hic
874 1290 908 1348 ut
928 1274 1071 1366 λόφωοιν
1089 1283 1124 1346 in
1146 1284 1290 1348 omnibus
1313 1287 1384 1350 avi-

259 1389 317 1452 bus
352 1388 595 1469 deprehendisse
627 1387 725 1450 videri
758 1388 880 1450 debeat
932 1388 1134 1469 Inspiciamus
1162 1388 1255 1470 igitur
1286 1389 1383 1452 verba

262 1501 377 1575 poetae
399 1491 460 1554 huc
490 1489 681 1578 pertinentia,
707 1488 802 1570 paulo
835 1493 1024 1569 accuratius,
1054 1500 1087 1554 ut
1108 1491 1281 1570 rideamus,
1308 1494 1384 1574 quid

259 1597 321 1660 sibi
341 1593 416 1658 velit
436 1592 624 1656 vocabulum
643 1589 792 1675 λόφωσις.
835 1595 876 1657 Et
894 1595 962 1674 ipse
980 1595 1035 1660 ille
1054 1594 1153 1674 locus,
1175 1596 1229 1660 ubi
1251 1603 1298 1658 est
1317 1613 1385 1676 po-

261 1700 370 1774 situm,
391 1697 513 1760 videtur
534 1713 610 1756 sano
631 1695 733 1776 primo
758 1697 868 1758 obtutu
889 1697 1064 1778 postulare,
1086 1708 1120 1762 ut
1140 1693 1261 1783 λόφους
1281 1696 1382 1760 inter-

260 1808 417 1884 pretemur
438 1799 556 1862 cristas.
598 1798 694 1873 Quod
717 1799 799 1860 enirn
820 1799 1031 1864 Pisthetaerus
1048 1801 1234 1884 interrogat,
1266 1817 1381 1867 aresne

262 1907 304 1970 ad
326 1906 465 1972 dianium
494 1902 653 1980 venerint,
687 1922 728 1964 ex
748 1910 837 1982 parte
870 1903 944 1967 inde
966 1904 1115 1986 explicari
1147 1913 1267 1986 potest,
1298 1909 1383 1988 quod

264 2011 402 2078 Graecos
426 2006 520 2068 etiam
541 2005 626 2088 gravi
650 2013 822 2083 armatura,
843 2007 937 2089 igitur
958 2006 1050 2071 etiam
1072 2007 1190 2086 cristis,
1215 2008 1383 2074 nsuuctos

263 2112 376 2175 scimus
400 2129 491 2172 cursu
513 2115 651 2170 certasse
672 2106 704 2190 *).
748 2109 811 2170 Sed
829 2110 895 2192 jam
915 2129 974 2188 ea,
995 2128 1075 2191 quae
1097 2111 1325 2191 respondentur
1344 2113 1384 2174 ab

182 2291 186 2298 p
262 2215 382 2295 Upupa,
405 2211 493 2274 alteri
516 2211 640 2276 cuidam
660 2211 808 2272 vocabuli
829 2207 968 2296 λόφωσις
988 2214 1191 2296 explicationi
1211 2217 1307 2298 magu
1329 2216 1384 2278 fa-

261 2323 350 2392 vent,
383 2333 477 2397 quam
506 2313 563 2375 illi.
605 2314 692 2376 Haec
723 2314 806 2383 enirn
827 2317 913 2396 quod
942 2318 1033 2383 dicit:
1063 2336 1157 2396 ‚ares
1185 2319 1241 2386 dui
1273 2312 1383 2403 λόφων

262 2422 427 2496 οἷκοόοιν,
450 2426 484 2480 ut
504 2419 630 2495 Cares»,
651 2417 773 2483 facilius
795 2420 839 2490 ita
861 2421 1050 2501 explicatur:
1083 2417 1296 2484 «incallidus
1318 2420 1382 2484 iro·-

264 2521 400 2598 bitaret»,
423 2521 596 2601 quantita:
620 2522 748 2584 «cristis
764 2522 945 2587 instructae
968 2531 1077 2599 sunt»,
1099 2543 1285 2606 quamquam
1301 2543 1383 2588 con-

264 2626 436 2688 cedendum
457 2632 521 2702 est,
555 2632 718 2707 utromque
739 2626 844 2688 valere
867 2627 906 2688 de
929 2626 1073 2705 Caribus,
1104 2627 1166 2692 vid.
1187 2627 1339 2690 Herodot.
1360 2628 1382 2702 1,

265 2730 344 2804 171,
380 2730 481 2792 Strab.
501 2729 582 2806 XIV,
604 2751 636 2811 p.
660 2731 744 2807 661,
776 2729 876 2794 schol.
910 2732 950 2793 ad
980 2731 1119 2816 Thucyd.
1139 2733 1163 2809 1,
1194 2732 1223 2796 8.
1265 2733 1381 2794 Rursus

261 2829 346 2893 istud
368 2830 494 2911 quidem
520 2828 670 2915 ἀπόβαλε
690 2825 751 2899 τόν
771 2829 895 2916 λόφον,
921 2835 1008 2915 quod
1031 2844 1077 2898 est
1097 2837 1149 2900 Vs.
1172 2835 1248 2912 290,
1277 2834 1382 2916 potius

265 2951 303 2996 ec
327 2932 443 2998 ducere
465 2933 580 3018 debere
613 2934 748 3011 videtur,
780 2941 814 2998 ut
845 2936 885 2998 de
919 2936 1012 3005 crista
1035 2939 1222 3020 cogitemus,
1256 2939 1313 3005 sed
1341 2935 1383 3013 id,

263 3038 350 3118 qood
371 3041 423 3104 Vs.
440 3038 502 3102 279
524 3038 623 3102 altere
645 3057 750 3120 upupa
778 3038 889 3103 dicitur
910 3049 1021 3124 ἕτερος
1044 3034 1088 3110 αὖ
1115 3039 1219 3125 λόφον
1249 3063 1384 3108 uuest-

263 3139 403 3225 ληφός
433 3163 484 3214 τις
505 3137 613 3224 ὅρνις,
647 3159 701 3218 θο,
731 3146 767 3202 ut
794 3137 901 3228 λόφον
928 3141 1042 3208 coliem
1077 3142 1293 3226 intelligamus.
1346 3144 1385 3204 Et

262 3240 353 3318 vide,
386 3241 512 3306 adhoc
534 3262 627 3324 οιιοοο
649 3242 690 3307 sit
712 3243 824 3307 eximie
858 3248 1146 3322 accommodatum,
1177 3245 1261 3326 quod
1281 3244 1383 3326 gallus

262 3343 452 3428 gallinaceus
475 3348 528 3408 Vs.
545 3348 606 3410 275
625 3355 755 3412 vocatur
777 3342 947 3436 όριβόοης.
990 3349 1084 3423 Quod
1103 3345 1287 3412 vocobulum
1305 3365 1385 3408 sen-

333 3577 356 3642 ¹)
382 3575 436 3628 alix
455 3583 565 3646 parim,
585 3579 705 3649 inquom
742 3581 808 3632 Noun
830 3579 901 3630 iliud
923 3595 973 3650 per
990 3595 1019 3632 re
1033 3577 1121 3632 solum
1138 3593 1193 3630 nor
1210 3576 1333 3630 erficere
1350 3580 1386 3630 sd

268 3663 348 3714 varin
367 3665 527 3720 Pirtbeteeri
544 3670 720 3739 expiicauda,
744 3673 806 3726 looe
827 3671 927 3728 cirsion
951 3677 1009 3732 est,
1031 3685 1194 3740 quemquern
1210 3684 1227 3718 u
1243 3667 1385 3719 nullodum

263 3749 453 3816 intellectum,
480 3762 511 3808 ut
536 3759 650 3812 videtur.
689 3760 798 3830 Quippe
815 3761 935 3827 nouduup
951 3760 1059 3828 lippet,
1083 3774 1132 3811 cur
1155 3756 1243 3829 iprum
1260 3756 1387 3808 dianium

263 3837 337 3888 dicat
356 3841 549 3896 Piethetaerus.
589 3847 672 3918 Sequi
691 3867 722 3900 ex
740 3849 791 3900 hoc
810 3849 931 3906 ridetur,
943 3852 1004 3918 οἱ,
1030 3846 1077 3916 qui
1095 3847 1170 3914 gravi
1189 3849 1323 3898 armature
1343 3847 1384 3896 in·

263 3927 359 3977 seueri
378 3944 458 3980 eursu
477 3939 628 3998 certarent,
659 3942 706 3988 eut
724 3935 810 3988 solum
837 3933 955 3984 dioulurn
975 3935 1098 4004 quaterni
1116 3963 1147 3973 -
1170 3938 1313 4002 quaternos
1332 3939 1386 3984 ste·

262 4009 336 4066 diurn
355 4014 506 4068 cucurrisse
524 4036 645 4074 cursores
665 4041 719 4074 non
737 4023 855 4090 graviter
872 4027 986 4073 armatos
1006 4023 1151 4074 Pannonios
1168 4021 1218 4083 Vi,
1242 4019 1286 4083 13,
1305 4021 1322 4073 2
1341 4039 1385 4073 re·

263 4103 318 4155 ieet
341 4106 375 4156 do
407 4107 598 4161 certaminibus
620 4109 775 4181 olympicis
803 4109 984 4164 sermocinans
1008 4139 1060 4175 -,
1088 4119 1135 4166 ent
1162 4111 1270 4163 omuino
1298 4110 1386 4162 solum

263 4195 382 4250 diruitur
400 4196 579 4249 cucurrerint.
