<?xml version="1.0" encoding="UTF-8"?>
<!DOCTYPE html PUBLIC "-//W3C//DTD XHTML 1.0 Transitional//EN"
    "http://www.w3.org/TR/xhtml1/DTD/xhtml1-transitional.dtd">
<html xmlns="http://www.w3.org/1999/xhtml" xml:lang="en" lang="en">
 <head>
  <title>
</title>
<meta http-equiv="Content-Type" content="text/html;charset=utf-8" />
  <meta name='ocr-system' content='tesseract 3.04.00' />
  <meta name='ocr-capabilities' content='ocr_page ocr_carea ocr_par ocr_line ocrx_word'/>
</head>
<body>
  <div class='ocr_page' id='page_1' title='image "./adversariainaea01wiesgoog_0104.png"; bbox 0 0 2910 4654; ppageno 0'>
   <div class='ocr_carea' id='block_1_1' title="bbox 562 23 797 132">
    <p class='ocr_par' dir='ltr' id='par_1_1' title="bbox 562 23 797 132">
     <span class='ocr_line' id='line_1_1' title="bbox 562 23 797 132; baseline 0 0"><span class='ocrx_word' id='word_1_1' title='bbox 562 23 797 132; x_wconf 52' lang='lat' dir='ltr'><strong>-er-“</strong></span> 
     </span>
    </p>
   </div>
   <div class='ocr_carea' id='block_1_2' title="bbox 92 229 1285 2758">
    <p class='ocr_par' dir='ltr' id='par_1_2' title="bbox 92 229 1285 2758">
     <span class='ocr_line' id='line_1_2' title="bbox 102 229 1239 322; baseline 0.002 -20"><span class='ocrx_word' id='word_1_2' title='bbox 102 241 164 308; x_wconf 73' lang='lat' dir='ltr'><strong>»im</strong></span> <span class='ocrx_word' id='word_1_3' title='bbox 184 239 445 317; x_wconf 72' lang='lat' dir='ltr'><strong>Gaiachisclren»,</strong></span> <span class='ocrx_word' id='word_1_4' title='bbox 464 229 574 322; x_wconf 83' lang='lat' dir='ltr'><strong>inquit,</strong></span> <span class='ocrx_word' id='word_1_5' title='bbox 599 238 658 304; x_wconf 76' lang='lat' dir='ltr'><strong>nist</strong></span> <span class='ocrx_word' id='word_1_6' title='bbox 673 237 733 302; x_wconf 87' lang='lat' dir='ltr'><strong>das</strong></span> <span class='ocrx_word' id='word_1_7' title='bbox 749 237 945 316; x_wconf 79' lang='lat' dir='ltr'><strong>bezoichnet,</strong></span> <span class='ocrx_word' id='word_1_8' title='bbox 967 240 1041 305; x_wconf 87' lang='lat' dir='ltr'><strong>dass</strong></span> <span class='ocrx_word' id='word_1_9' title='bbox 1060 236 1112 305; x_wconf 91' lang='lat' dir='ltr'><strong>die</strong></span> <span class='ocrx_word' id='word_1_10' title='bbox 1129 239 1239 322; x_wconf 81' lang='lat' dir='ltr'><strong>poie‚</strong></span> 
     </span>
     <span class='ocr_line' id='line_1_3' title="bbox 97 340 1241 424; baseline -0.002 -16"><span class='ocrx_word' id='word_1_11' title='bbox 97 342 218 408; x_wconf 71' lang='lat' dir='ltr'><strong>Athens</strong></span> <span class='ocrx_word' id='word_1_12' title='bbox 239 340 410 407; x_wconf 70' lang='lat' dir='ltr'><strong>immisces</strong></span> <span class='ocrx_word' id='word_1_13' title='bbox 430 341 593 418; x_wconf 79' lang='lat' dir='ltr'><strong>Fabricat,</strong></span> <span class='ocrx_word' id='word_1_14' title='bbox 615 359 678 404; x_wconf 88' lang='lat' dir='ltr'><strong>von</strong></span> <span class='ocrx_word' id='word_1_15' title='bbox 697 341 771 402; x_wconf 87' lang='lat' dir='ltr'><strong>dem</strong></span> <span class='ocrx_word' id='word_1_16' title='bbox 794 340 867 406; x_wconf 86' lang='lat' dir='ltr'><strong>iicirt</strong></span> <span class='ocrx_word' id='word_1_17' title='bbox 885 340 1117 407; x_wconf 76' lang='lat' dir='ltr'><strong>Atheniiischen</strong></span> <span class='ocrx_word' id='word_1_18' title='bbox 1139 344 1241 424; x_wconf 81' lang='lat' dir='ltr'><strong>Vogel</strong></span> 
     </span>
     <span class='ocr_line' id='line_1_4' title="bbox 97 442 1241 524; baseline 0.002 -18"><span class='ocrx_word' id='word_1_19' title='bbox 97 445 201 508; x_wconf 83' lang='lat' dir='ltr'><strong>nichtr</strong></span> <span class='ocrx_word' id='word_1_20' title='bbox 229 465 280 510; x_wconf 81' lang='grc' dir='ltr'>ιιι·</span> <span class='ocrx_word' id='word_1_21' title='bbox 294 445 438 512; x_wconf 81' lang='lat' dir='ltr'><strong>furohien</strong></span> <span class='ocrx_word' id='word_1_22' title='bbox 468 445 574 508; x_wconf 85' lang='lat' dir='ltr'><strong>haheo</strong></span> <span class='ocrx_word' id='word_1_23' title='bbox 607 442 767 507; x_wconf 78' lang='lat' dir='ltr'><strong>werden».</strong></span> <span class='ocrx_word' id='word_1_24' title='bbox 807 442 1026 524; x_wconf 69' lang='lat' dir='ltr'><strong>auruncus</strong></span> <span class='ocrx_word' id='word_1_25' title='bbox 1056 443 1149 506; x_wconf 91' lang='lat' dir='ltr'><strong>nobis</strong></span> <span class='ocrx_word' id='word_1_26' title='bbox 1179 443 1241 508; x_wconf 86' lang='lat' dir='ltr'><strong>da-</strong></span> 
     </span>
     <span class='ocr_line' id='line_1_5' title="bbox 97 543 1238 628; baseline -0.002 -18"><span class='ocrx_word' id='word_1_27' title='bbox 97 553 304 616; x_wconf 83' lang='lat' dir='ltr'><strong>monstratnm</strong></span> <span class='ocrx_word' id='word_1_28' title='bbox 327 552 388 623; x_wconf 87' lang='lat' dir='ltr'><strong>est,</strong></span> <span class='ocrx_word' id='word_1_29' title='bbox 417 546 468 628; x_wconf 83' lang='lat' dir='ltr'><strong>agi</strong></span> <span class='ocrx_word' id='word_1_30' title='bbox 499 545 640 611; x_wconf 84' lang='lat' dir='ltr'><strong>fabulam</strong></span> <span class='ocrx_word' id='word_1_31' title='bbox 667 561 733 609; x_wconf 91' lang='lat' dir='ltr'><strong>non</strong></span> <span class='ocrx_word' id='word_1_32' title='bbox 762 543 907 608; x_wconf 79' lang='lat' dir='ltr'><strong>interra</strong></span> <span class='ocrx_word' id='word_1_33' title='bbox 935 545 1068 620; x_wconf 75' lang='lat' dir='ltr'><strong>araca„</strong></span> <span class='ocrx_word' id='word_1_34' title='bbox 1085 545 1145 610; x_wconf 85' lang='lat' dir='ltr'><strong>sed</strong></span> <span class='ocrx_word' id='word_1_35' title='bbox 1162 544 1238 614; x_wconf 87' lang='lat' dir='ltr'><strong>loco</strong></span> 
     </span>
     <span class='ocr_line' id='line_1_6' title="bbox 95 644 1239 730; baseline 0.002 -20"><span class='ocrx_word' id='word_1_36' title='bbox 95 646 192 730; x_wconf 84' lang='lat' dir='ltr'><strong>longe</strong></span> <span class='ocrx_word' id='word_1_37' title='bbox 214 646 334 724; x_wconf 87' lang='lat' dir='ltr'><strong>dissito,</strong></span> <span class='ocrx_word' id='word_1_38' title='bbox 349 663 450 712; x_wconf 74' lang='lat' dir='ltr'><strong>&#39;nemo</strong></span> <span class='ocrx_word' id='word_1_39' title='bbox 473 645 655 724; x_wconf 86' lang='lat' dir='ltr'><strong>mirabitur,</strong></span> <span class='ocrx_word' id='word_1_40' title='bbox 678 665 738 714; x_wconf 80' lang='lat' dir='ltr'><strong>cur,</strong></span> <span class='ocrx_word' id='word_1_41' title='bbox 754 644 967 711; x_wconf 84' lang='lat' dir='ltr'><strong>Pistlretaarus</strong></span> <span class='ocrx_word' id='word_1_42' title='bbox 988 646 1082 714; x_wconf 80' lang='lat' dir='ltr'><strong>illam.</strong></span> <span class='ocrx_word' id='word_1_43' title='bbox 1097 646 1158 716; x_wconf 78' lang='lat' dir='ltr'><strong>rim</strong></span> <span class='ocrx_word' id='word_1_44' title='bbox 1179 667 1239 712; x_wconf 92' lang='lat' dir='ltr'><strong>so-</strong></span> 
     </span>
     <span class='ocr_line' id='line_1_7' title="bbox 95 747 1240 831; baseline -0.006 -14"><span class='ocrx_word' id='word_1_45' title='bbox 95 747 229 817; x_wconf 74' lang='lat' dir='ltr'><strong>lisollis</strong></span> <span class='ocrx_word' id='word_1_46' title='bbox 252 748 384 825; x_wconf 74' lang='lat' dir='ltr'><strong>inbuet,</strong></span> <span class='ocrx_word' id='word_1_47' title='bbox 407 767 464 814; x_wconf 86' lang='lat' dir='ltr'><strong>our</strong></span> <span class='ocrx_word' id='word_1_48' title='bbox 485 768 550 812; x_wconf 93' lang='lat' dir='ltr'><strong>non</strong></span> <span class='ocrx_word' id='word_1_49' title='bbox 573 747 669 812; x_wconf 86' lang='lat' dir='ltr'><strong>etium</strong></span> <span class='ocrx_word' id='word_1_50' title='bbox 688 747 810 831; x_wconf 78' lang='lat' dir='ltr'><strong>trphliis</strong></span> <span class='ocrx_word' id='word_1_51' title='bbox 830 747 884 812; x_wconf 82' lang='lat' dir='ltr'><strong>rel</strong></span> <span class='ocrx_word' id='word_1_52' title='bbox 906 747 1100 831; x_wconf 75' lang='lat' dir='ltr'><strong>oxybaphis3</strong></span> <span class='ocrx_word' id='word_1_53' title='bbox 1121 749 1240 831; x_wconf 89' lang='lat' dir='ltr'><strong>quippe</strong></span> 
     </span>
     <span class='ocr_line' id='line_1_8' title="bbox 94 849 1239 933; baseline -0.007 -13"><span class='ocrx_word' id='word_1_54' title='bbox 94 849 168 920; x_wconf 74' lang='lat' dir='ltr'><strong>illas</strong></span> <span class='ocrx_word' id='word_1_55' title='bbox 191 867 232 912; x_wconf 84' lang='lat' dir='ltr'><strong>ax</strong></span> <span class='ocrx_word' id='word_1_56' title='bbox 253 850 356 932; x_wconf 80' lang='lat' dir='ltr'><strong>patria</strong></span> <span class='ocrx_word' id='word_1_57' title='bbox 378 851 457 914; x_wconf 91' lang='lat' dir='ltr'><strong>urbe</strong></span> <span class='ocrx_word' id='word_1_58' title='bbox 485 870 592 918; x_wconf 77' lang='lat' dir='ltr'><strong>sacram</strong></span> <span class='ocrx_word' id='word_1_59' title='bbox 614 856 854 933; x_wconf 72' lang='lat' dir='ltr'><strong>asportaverant</strong></span> <span class='ocrx_word' id='word_1_60' title='bbox 887 851 1033 918; x_wconf 85' lang='lat' dir='ltr'><strong>homines</strong></span> <span class='ocrx_word' id='word_1_61' title='bbox 1061 850 1239 916; x_wconf 83' lang='lat' dir='ltr'><strong>Athenien-</strong></span> 
     </span>
     <span class='ocr_line' id='line_1_9' title="bbox 95 951 1240 1040; baseline -0.004 -22"><span class='ocrx_word' id='word_1_62' title='bbox 95 968 164 1029; x_wconf 85' lang='lat' dir='ltr'><strong>sas,</strong></span> <span class='ocrx_word' id='word_1_63' title='bbox 183 951 418 1040; x_wconf 71' lang='lat' dir='ltr'><strong>lraec&#39;llpnpae</strong></span> <span class='ocrx_word' id='word_1_64' title='bbox 439 958 548 1029; x_wconf 15' lang='lat' dir='ltr'><strong>terent,</strong></span> <span class='ocrx_word' id='word_1_65' title='bbox 563 967 656 1036; x_wconf 77' lang='lat' dir='ltr'><strong>¹ergo</strong></span> <span class='ocrx_word' id='word_1_66' title='bbox 679 972 743 1016; x_wconf 90' lang='lat' dir='ltr'><strong>non</strong></span> <span class='ocrx_word' id='word_1_67' title='bbox 764 952 989 1034; x_wconf 77' lang='lat' dir='ltr'><strong>Atticaopcra</strong></span> <span class='ocrx_word' id='word_1_68' title='bbox 1010 951 1127 1035; x_wconf 80' lang='lat' dir='ltr'><strong>figlina.</strong></span> <span class='ocrx_word' id='word_1_69' title='bbox 1162 952 1240 1024; x_wconf 66' lang='lat' dir='ltr'><strong>‚Ve-</strong></span> 
     </span>
     <span class='ocr_line' id='line_1_10' title="bbox 94 1053 1240 1138; baseline 0 -19"><span class='ocrx_word' id='word_1_70' title='bbox 94 1061 270 1121; x_wconf 76' lang='lat' dir='ltr'><strong>cunamen</strong></span> <span class='ocrx_word' id='word_1_71' title='bbox 291 1053 398 1138; x_wconf 80' lang='lat' dir='ltr'><strong>ntique</strong></span> <span class='ocrx_word' id='word_1_72' title='bbox 420 1071 484 1118; x_wconf 86' lang='lat' dir='ltr'><strong>non</strong></span> <span class='ocrx_word' id='word_1_73' title='bbox 506 1073 636 1136; x_wconf 89' lang='lat' dir='ltr'><strong>prorsus</strong></span> <span class='ocrx_word' id='word_1_74' title='bbox 656 1055 766 1137; x_wconf 85' lang='lat' dir='ltr'><strong>liquet,</strong></span> <span class='ocrx_word' id='word_1_75' title='bbox 789 1073 845 1118; x_wconf 89' lang='lat' dir='ltr'><strong>cur</strong></span> <span class='ocrx_word' id='word_1_76' title='bbox 863 1054 1060 1136; x_wconf 86' lang='lat' dir='ltr'><strong>potissimum</strong></span> <span class='ocrx_word' id='word_1_77' title='bbox 1083 1061 1240 1119; x_wconf 72' lang='lat' dir='ltr'><strong>noctuam</strong></span> 
     </span>
     <span class='ocr_line' id='line_1_11' title="bbox 92 1153 1242 1238; baseline -0.003 -17"><span class='ocrx_word' id='word_1_78' title='bbox 92 1153 304 1231; x_wconf 77' lang='lat' dir='ltr'><strong>Pisthetaerus</strong></span> <span class='ocrx_word' id='word_1_79' title='bbox 326 1155 412 1220; x_wconf 88' lang='lat' dir='ltr'><strong>dicat</strong></span> <span class='ocrx_word' id='word_1_80' title='bbox 432 1157 490 1222; x_wconf 83' lang='lat' dir='ltr'><strong>snb</strong></span> <span class='ocrx_word' id='word_1_81' title='bbox 511 1157 568 1220; x_wconf 89' lang='lat' dir='ltr'><strong>illa</strong></span> <span class='ocrx_word' id='word_1_82' title='bbox 598 1157 780 1224; x_wconf 87' lang='lat' dir='ltr'><strong>conditione</strong></span> <span class='ocrx_word' id='word_1_83' title='bbox 806 1156 895 1237; x_wconf 90' lang='lat' dir='ltr'><strong>ipsos</strong></span> <span class='ocrx_word' id='word_1_84' title='bbox 914 1175 982 1220; x_wconf 92' lang='lat' dir='ltr'><strong>nou</strong></span> <span class='ocrx_word' id='word_1_85' title='bbox 1015 1175 1085 1220; x_wconf 85' lang='lat' dir='ltr'><strong>essa</strong></span> <span class='ocrx_word' id='word_1_86' title='bbox 1109 1171 1242 1238; x_wconf 78' lang='lat' dir='ltr'><strong>aggres-</strong></span> 
     </span>
     <span class='ocr_line' id='line_1_12' title="bbox 94 1255 1242 1339; baseline -0.002 -19"><span class='ocrx_word' id='word_1_87' title='bbox 94 1273 222 1333; x_wconf 73' lang='lat' dir='ltr'><strong>suramr</strong></span> <span class='ocrx_word' id='word_1_88' title='bbox 244 1271 319 1323; x_wconf 88' lang='lat' dir='ltr'><strong>nanr</strong></span> <span class='ocrx_word' id='word_1_89' title='bbox 347 1257 443 1322; x_wconf 84' lang='lat' dir='ltr'><strong>etium</strong></span> <span class='ocrx_word' id='word_1_90' title='bbox 463 1258 601 1339; x_wconf 87' lang='lat' dir='ltr'><strong>reliquas</strong></span> <span class='ocrx_word' id='word_1_91' title='bbox 623 1277 699 1324; x_wconf 84' lang='lat' dir='ltr'><strong>aves</strong></span> <span class='ocrx_word' id='word_1_92' title='bbox 727 1257 844 1323; x_wconf 71' lang='lat' dir='ltr'><strong>Atticas</strong></span> <span class='ocrx_word' id='word_1_93' title='bbox 864 1255 1032 1320; x_wconf 85' lang='lat' dir='ltr'><strong>habendas</strong></span> <span class='ocrx_word' id='word_1_94' title='bbox 1054 1273 1124 1318; x_wconf 86' lang='lat' dir='ltr'><strong>esse</strong></span> <span class='ocrx_word' id='word_1_95' title='bbox 1145 1271 1242 1335; x_wconf 86' lang='lat' dir='ltr'><strong>supra</strong></span> 
     </span>
     <span class='ocr_line' id='line_1_13' title="bbox 93 1355 1241 1442; baseline -0.003 -23"><span class='ocrx_word' id='word_1_96' title='bbox 93 1357 238 1425; x_wconf 81' lang='lat' dir='ltr'><strong>vidimus.</strong></span> <span class='ocrx_word' id='word_1_97' title='bbox 278 1362 349 1425; x_wconf 87' lang='lat' dir='ltr'><strong>lam</strong></span> <span class='ocrx_word' id='word_1_98' title='bbox 371 1366 494 1424; x_wconf 87' lang='lat' dir='ltr'><strong>constat</strong></span> <span class='ocrx_word' id='word_1_99' title='bbox 515 1361 658 1442; x_wconf 85' lang='lat' dir='ltr'><strong>quidem,</strong></span> <span class='ocrx_word' id='word_1_100' title='bbox 680 1365 829 1426; x_wconf 85' lang='lat' dir='ltr'><strong>noctuam</strong></span> <span class='ocrx_word' id='word_1_101' title='bbox 849 1357 900 1422; x_wconf 81' lang='lat' dir='ltr'><strong>vel</strong></span> <span class='ocrx_word' id='word_1_102' title='bbox 921 1356 955 1420; x_wconf 91' lang='lat' dir='ltr'><strong>in</strong></span> <span class='ocrx_word' id='word_1_103' title='bbox 976 1355 1144 1437; x_wconf 84' lang='lat' dir='ltr'><strong>ipsaurba</strong></span> <span class='ocrx_word' id='word_1_104' title='bbox 1163 1372 1241 1417; x_wconf 88' lang='lat' dir='ltr'><strong>var-</strong></span> 
     </span>
     <span class='ocr_line' id='line_1_14' title="bbox 95 1453 1242 1548; baseline -0.008 -24"><span class='ocrx_word' id='word_1_105' title='bbox 95 1467 198 1530; x_wconf 74' lang='lat' dir='ltr'><strong>saum</strong></span> <span class='ocrx_word' id='word_1_106' title='bbox 220 1481 308 1538; x_wconf 78' lang='lat' dir='ltr'><strong>esse3</strong></span> <span class='ocrx_word' id='word_1_107' title='bbox 341 1459 369 1526; x_wconf 86' lang='lat' dir='ltr'><strong>si</strong></span> <span class='ocrx_word' id='word_1_108' title='bbox 393 1462 488 1543; x_wconf 75' lang='lat' dir='ltr'><strong>igitur</strong></span> <span class='ocrx_word' id='word_1_109' title='bbox 509 1479 635 1548; x_wconf 77' lang='lat' dir='ltr'><strong>sumere</strong></span> <span class='ocrx_word' id='word_1_110' title='bbox 663 1461 792 1537; x_wconf 86' lang='lat' dir='ltr'><strong>liceret,</strong></span> <span class='ocrx_word' id='word_1_111' title='bbox 830 1460 912 1526; x_wconf 84' lang='lat' dir='ltr'><strong>ollas</strong></span> <span class='ocrx_word' id='word_1_112' title='bbox 938 1457 972 1520; x_wconf 93' lang='lat' dir='ltr'><strong>in</strong></span> <span class='ocrx_word' id='word_1_113' title='bbox 1001 1457 1063 1519; x_wconf 88' lang='lat' dir='ltr'><strong>hae</strong></span> <span class='ocrx_word' id='word_1_114' title='bbox 1084 1453 1156 1518; x_wconf 89' lang='lat' dir='ltr'><strong>sola</strong></span> <span class='ocrx_word' id='word_1_115' title='bbox 1177 1472 1242 1516; x_wconf 93' lang='lat' dir='ltr'><strong>non</strong></span> 
     </span>
     <span class='ocr_line' id='line_1_15' title="bbox 95 1556 1285 1643; baseline -0.008 -16"><span class='ocrx_word' id='word_1_116' title='bbox 95 1561 195 1627; x_wconf 84' lang='lat' dir='ltr'><strong>modo</strong></span> <span class='ocrx_word' id='word_1_117' title='bbox 216 1561 387 1629; x_wconf 74' lang='lat' dir='ltr'><strong>fabricatas</strong></span> <span class='ocrx_word' id='word_1_118' title='bbox 410 1581 497 1639; x_wconf 85' lang='lat' dir='ltr'><strong>esse,</strong></span> <span class='ocrx_word' id='word_1_119' title='bbox 519 1581 630 1626; x_wconf 85' lang='lat' dir='ltr'><strong>verum</strong></span> <span class='ocrx_word' id='word_1_120' title='bbox 656 1562 751 1624; x_wconf 84' lang='lat' dir='ltr'><strong>etiam</strong></span> <span class='ocrx_word' id='word_1_121' title='bbox 765 1566 953 1643; x_wconf 75' lang='lat' dir='ltr'><strong>usurpatas,</strong></span> <span class='ocrx_word' id='word_1_122' title='bbox 975 1556 1057 1622; x_wconf 83' lang='lat' dir='ltr'><strong>ratio</strong></span> <span class='ocrx_word' id='word_1_123' title='bbox 1079 1556 1241 1630; x_wconf 80' lang='lat' dir='ltr'><strong>adfuisset,</strong></span> <span class='ocrx_word' id='word_1_124' title='bbox 1278 1563 1285 1570; x_wconf 87' lang='grc'><strong><em>·</em></strong></span> 
     </span>
     <span class='ocr_line' id='line_1_16' title="bbox 97 1645 1242 1743; baseline -0.007 -17"><span class='ocrx_word' id='word_1_125' title='bbox 97 1671 131 1727; x_wconf 90' lang='lat' dir='ltr'><strong>at</strong></span> <span class='ocrx_word' id='word_1_126' title='bbox 151 1681 191 1731; x_wconf 78' lang='lat' dir='ltr'><strong>aa</strong></span> <span class='ocrx_word' id='word_1_127' title='bbox 207 1663 331 1735; x_wconf 72' lang='lat' dir='ltr'><strong>celsio</strong></span> <span class='ocrx_word' id='word_1_128' title='bbox 352 1664 405 1728; x_wconf 87' lang='lat' dir='ltr'><strong>rix</strong></span> <span class='ocrx_word' id='word_1_129' title='bbox 424 1645 561 1740; x_wconf 63' lang='lat' dir='ltr'><strong>idonea}</strong></span> <span class='ocrx_word' id='word_1_130' title='bbox 596 1683 652 1728; x_wconf 89' lang='lat' dir='ltr'><strong>cur</strong></span> <span class='ocrx_word' id='word_1_131' title='bbox 678 1669 795 1726; x_wconf 87' lang='lat' dir='ltr'><strong>noctua</strong></span> <span class='ocrx_word' id='word_1_132' title='bbox 827 1660 1026 1743; x_wconf 80' lang='lat' dir='ltr'><strong>potissimum</strong></span> <span class='ocrx_word' id='word_1_133' title='bbox 1055 1658 1242 1730; x_wconf 80' lang='lat' dir='ltr'><strong>nominare-</strong></span> 
     </span>
     <span class='ocr_line' id='line_1_17' title="bbox 96 1761 1242 1841; baseline -0.008 -14"><span class='ocrx_word' id='word_1_134' title='bbox 96 1771 164 1841; x_wconf 79' lang='lat' dir='ltr'><strong>tur3</strong></span> <span class='ocrx_word' id='word_1_135' title='bbox 191 1763 250 1828; x_wconf 89' lang='lat' dir='ltr'><strong>sed</strong></span> <span class='ocrx_word' id='word_1_136' title='bbox 269 1781 348 1830; x_wconf 73' lang='lat' dir='ltr'><strong>nou.</strong></span> <span class='ocrx_word' id='word_1_137' title='bbox 362 1762 448 1827; x_wconf 79' lang='lat' dir='ltr'><strong>licet</strong></span> <span class='ocrx_word' id='word_1_138' title='bbox 489 1767 600 1840; x_wconf 83' lang='lat' dir='ltr'><strong>ltaque</strong></span> <span class='ocrx_word' id='word_1_139' title='bbox 622 1765 717 1825; x_wconf 89' lang='lat' dir='ltr'><strong>aliam</strong></span> <span class='ocrx_word' id='word_1_140' title='bbox 732 1763 1025 1839; x_wconf 79' lang='lat' dir='ltr'><strong>circumspiciamus</strong></span> <span class='ocrx_word' id='word_1_141' title='bbox 1047 1761 1242 1836; x_wconf 83' lang='lat' dir='ltr'><strong>interpreto-</strong></span> 
     </span>
     <span class='ocr_line' id='line_1_18' title="bbox 95 1860 1243 1944; baseline -0.008 -16"><span class='ocrx_word' id='word_1_142' title='bbox 95 1866 219 1928; x_wconf 80' lang='lat' dir='ltr'><strong>tionem</strong></span> <span class='ocrx_word' id='word_1_143' title='bbox 239 1879 373 1944; x_wconf 82' lang='lat' dir='ltr'><strong>epmqne</strong></span> <span class='ocrx_word' id='word_1_144' title='bbox 393 1860 503 1943; x_wconf 91' lang='lat' dir='ltr'><strong>paullo</strong></span> <span class='ocrx_word' id='word_1_145' title='bbox 532 1860 757 1925; x_wconf 71' lang='lat' dir='ltr'><strong>accuratiorem</strong></span> <span class='ocrx_word' id='word_1_146' title='bbox 784 1867 920 1942; x_wconf 83' lang='lat' dir='ltr'><strong>oportet</strong></span> <span class='ocrx_word' id='word_1_147' title='bbox 962 1862 1031 1928; x_wconf 84' lang='lat' dir='ltr'><strong>lam</strong></span> <span class='ocrx_word' id='word_1_148' title='bbox 1054 1865 1163 1924; x_wconf 84' lang='lat' dir='ltr'><strong>notum</strong></span> <span class='ocrx_word' id='word_1_149' title='bbox 1176 1864 1243 1937; x_wconf 74' lang='lat' dir='ltr'><strong>ast,</strong></span> 
     </span>
     <span class='ocr_line' id='line_1_19' title="bbox 94 1958 1243 2050; baseline -0.009 -20"><span class='ocrx_word' id='word_1_150' title='bbox 94 1965 269 2030; x_wconf 84' lang='lat' dir='ltr'><strong>Minervam</strong></span> <span class='ocrx_word' id='word_1_151' title='bbox 289 1963 478 2044; x_wconf 74' lang='lat' dir='ltr'><strong>tumipsam</strong></span> <span class='ocrx_word' id='word_1_152' title='bbox 500 1963 647 2045; x_wconf 67' lang='grc' dir='ltr'><strong><em>κέραμον</em></strong></span> <span class='ocrx_word' id='word_1_153' title='bbox 669 1961 736 2035; x_wconf 74' lang='lat' dir='ltr'><strong>sire</strong></span> <span class='ocrx_word' id='word_1_154' title='bbox 757 1960 899 2044; x_wconf 81' lang='lat' dir='ltr'><strong>figlinum</strong></span> <span class='ocrx_word' id='word_1_155' title='bbox 916 1979 970 2024; x_wconf 90' lang='lat' dir='ltr'><strong>vas</strong></span> <span class='ocrx_word' id='word_1_156' title='bbox 987 1958 1144 2030; x_wconf 84' lang='lat' dir='ltr'><strong>invenisse</strong></span> <span class='ocrx_word' id='word_1_157' title='bbox 1167 1975 1243 2050; x_wconf 53' lang='lat' dir='ltr'><strong>eree</strong></span> 
     </span>
     <span class='ocr_line' id='line_1_20' title="bbox 96 2061 1242 2146; baseline -0.005 -16"><span class='ocrx_word' id='word_1_158' title='bbox 96 2068 195 2134; x_wconf 86' lang='lat' dir='ltr'><strong>ditarn</strong></span> <span class='ocrx_word' id='word_1_159' title='bbox 229 2085 317 2143; x_wconf 81' lang='lat' dir='ltr'><strong>asse,</strong></span> <span class='ocrx_word' id='word_1_160' title='bbox 349 2074 414 2130; x_wconf 91' lang='lat' dir='ltr'><strong>tum</strong></span> <span class='ocrx_word' id='word_1_161' title='bbox 434 2064 627 2146; x_wconf 81' lang='lat' dir='ltr'><strong>patrocinari</strong></span> <span class='ocrx_word' id='word_1_162' title='bbox 655 2063 711 2140; x_wconf 88' lang='lat' dir='ltr'><strong>iis,</strong></span> <span class='ocrx_word' id='word_1_163' title='bbox 742 2063 796 2144; x_wconf 87' lang='lat' dir='ltr'><strong>qui</strong></span> <span class='ocrx_word' id='word_1_164' title='bbox 829 2078 929 2145; x_wconf 84' lang='lat' dir='ltr'><strong>opera</strong></span> <span class='ocrx_word' id='word_1_165' title='bbox 960 2061 1069 2146; x_wconf 79' lang='lat' dir='ltr'><strong>figlina</strong></span> <span class='ocrx_word' id='word_1_166' title='bbox 1090 2062 1242 2127; x_wconf 84' lang='lat' dir='ltr'><strong>facerent.</strong></span> 
     </span>
     <span class='ocr_line' id='line_1_21' title="bbox 94 2163 1241 2252; baseline -0.007 -19"><span class='ocrx_word' id='word_1_167' title='bbox 94 2167 284 2252; x_wconf 74' lang='lat' dir='ltr'><strong>llrgohaec</strong></span> <span class='ocrx_word' id='word_1_168' title='bbox 303 2167 393 2250; x_wconf 85' lang='lat' dir='ltr'><strong>quasi</strong></span> <span class='ocrx_word' id='word_1_169' title='bbox 414 2166 560 2248; x_wconf 83' lang='lat' dir='ltr'><strong>praeside</strong></span> <span class='ocrx_word' id='word_1_170' title='bbox 583 2172 766 2236; x_wconf 72' lang='lat' dir='ltr'><strong>atcurante</strong></span> <span class='ocrx_word' id='word_1_171' title='bbox 797 2164 858 2228; x_wconf 87' lang='lat' dir='ltr'><strong>dea</strong></span> <span class='ocrx_word' id='word_1_172' title='bbox 887 2163 971 2229; x_wconf 86' lang='lat' dir='ltr'><strong>iacta</strong></span> <span class='ocrx_word' id='word_1_173' title='bbox 992 2163 1117 2246; x_wconf 79' lang='lat' dir='ltr'><strong>ipsiquo</strong></span> <span class='ocrx_word' id='word_1_174' title='bbox 1149 2179 1241 2226; x_wconf 84' lang='lat' dir='ltr'><strong>sacra</strong></span> 
     </span>
     <span class='ocr_line' id='line_1_22' title="bbox 96 2263 1240 2354; baseline -0.006 -22"><span class='ocrx_word' id='word_1_175' title='bbox 96 2270 237 2354; x_wconf 81' lang='lat' dir='ltr'><strong>cogitare</strong></span> <span class='ocrx_word' id='word_1_176' title='bbox 252 2269 337 2332; x_wconf 89' lang='lat' dir='ltr'><strong>lieet.</strong></span> <span class='ocrx_word' id='word_1_177' title='bbox 376 2269 426 2332; x_wconf 90' lang='lat' dir='ltr'><strong>ob</strong></span> <span class='ocrx_word' id='word_1_178' title='bbox 446 2270 530 2333; x_wconf 89' lang='lat' dir='ltr'><strong>hanc</strong></span> <span class='ocrx_word' id='word_1_179' title='bbox 545 2269 646 2349; x_wconf 85' lang='lat' dir='ltr'><strong>ipsam</strong></span> <span class='ocrx_word' id='word_1_180' title='bbox 663 2288 807 2336; x_wconf 84' lang='lat' dir='ltr'><strong>caussam</strong></span> <span class='ocrx_word' id='word_1_181' title='bbox 824 2267 897 2333; x_wconf 85' lang='lat' dir='ltr'><strong>fieri</strong></span> <span class='ocrx_word' id='word_1_182' title='bbox 910 2271 1027 2348; x_wconf 87' lang='lat' dir='ltr'><strong>potest,</strong></span> <span class='ocrx_word' id='word_1_183' title='bbox 1049 2271 1083 2326; x_wconf 87' lang='lat' dir='ltr'><strong>ut</strong></span> <span class='ocrx_word' id='word_1_184' title='bbox 1093 2263 1240 2346; x_wconf 72' lang='lat' dir='ltr'><strong>singulae</strong></span> 
     </span>
     <span class='ocr_line' id='line_1_23' title="bbox 96 2365 1241 2451; baseline -0.005 -17"><span class='ocrx_word' id='word_1_185' title='bbox 96 2371 183 2440; x_wconf 85' lang='lat' dir='ltr'><strong>ollae</strong></span> <span class='ocrx_word' id='word_1_186' title='bbox 204 2370 465 2451; x_wconf 76' lang='lat' dir='ltr'><strong>superimpositae</strong></span> <span class='ocrx_word' id='word_1_187' title='bbox 495 2371 558 2436; x_wconf 90' lang='lat' dir='ltr'><strong>sint</strong></span> <span class='ocrx_word' id='word_1_188' title='bbox 578 2365 732 2436; x_wconf 83' lang='lat' dir='ltr'><strong>columnis</strong></span> <span class='ocrx_word' id='word_1_189' title='bbox 764 2372 966 2436; x_wconf 83' lang='lat' dir='ltr'><strong>simulacrum</strong></span> <span class='ocrx_word' id='word_1_190' title='bbox 987 2369 1147 2432; x_wconf 71' lang='lat' dir='ltr'><strong>Minorem</strong></span> <span class='ocrx_word' id='word_1_191' title='bbox 1169 2367 1241 2436; x_wconf 53' lang='lat' dir='ltr'><strong>eiu.-</strong></span> 
     </span>
     <span class='ocr_line' id='line_1_24' title="bbox 96 2469 1240 2556; baseline 0.002 -22"><span class='ocrx_word' id='word_1_192' title='bbox 96 2471 241 2555; x_wconf 77' lang='lat' dir='ltr'><strong>gentibns</strong></span> <span class='ocrx_word' id='word_1_193' title='bbox 263 2470 296 2532; x_wconf 93' lang='lat' dir='ltr'><strong>in</strong></span> <span class='ocrx_word' id='word_1_194' title='bbox 316 2489 392 2537; x_wconf 81' lang='lat' dir='ltr'><strong>rasa</strong></span> <span class='ocrx_word' id='word_1_195' title='bbox 411 2471 516 2553; x_wconf 92' lang='lat' dir='ltr'><strong>picto,</strong></span> <span class='ocrx_word' id='word_1_196' title='bbox 536 2474 635 2556; x_wconf 64' lang='lat' dir='ltr'><strong>qnod</strong></span> <span class='ocrx_word' id='word_1_197' title='bbox 656 2474 835 2555; x_wconf 78' lang='lat' dir='ltr'><strong>nuperrime</strong></span> <span class='ocrx_word' id='word_1_198' title='bbox 857 2470 1030 2554; x_wconf 88' lang='lat' dir='ltr'><strong>publicarit</strong></span> <span class='ocrx_word' id='word_1_199' title='bbox 1050 2469 1240 2536; x_wconf 77' lang='lat' dir='ltr'><strong>Gerhardiar</strong></span> 
     </span>
     <span class='ocr_line' id='line_1_25' title="bbox 95 2570 1281 2656; baseline -0.003 -20"><span class='ocrx_word' id='word_1_200' title='bbox 95 2572 184 2648; x_wconf 89' lang='lat' dir='ltr'><strong>libri,</strong></span> <span class='ocrx_word' id='word_1_201' title='bbox 207 2571 260 2654; x_wconf 87' lang='lat' dir='ltr'><strong>qui</strong></span> <span class='ocrx_word' id='word_1_202' title='bbox 281 2571 461 2646; x_wconf 73' lang='lat' dir='ltr'><strong>inscribiurr</strong></span> <span class='ocrx_word' id='word_1_203' title='bbox 483 2575 706 2643; x_wconf 75' lang='lat' dir='ltr'><strong>»naustischc</strong></span> <span class='ocrx_word' id='word_1_204' title='bbox 727 2576 793 2640; x_wconf 86' lang='lat' dir='ltr'><strong>und</strong></span> <span class='ocrx_word' id='word_1_205' title='bbox 812 2573 1046 2656; x_wconf 86' lang='lat' dir='ltr'><strong>Kampanischo</strong></span> <span class='ocrx_word' id='word_1_206' title='bbox 1059 2570 1241 2644; x_wconf 77' lang='lat' dir='ltr'><strong>‚Vasenbil-</strong></span> <span class='ocrx_word' id='word_1_207' title='bbox 1279 2593 1281 2598; x_wconf 34' lang='lat'>⁸</span> 
     </span>
     <span class='ocr_line' id='line_1_26' title="bbox 96 2674 1240 2758; baseline 0.002 -22"><span class='ocrx_word' id='word_1_208' title='bbox 96 2674 154 2736; x_wconf 87' lang='lat' dir='ltr'><strong>der</strong></span> <span class='ocrx_word' id='word_1_209' title='bbox 175 2675 233 2736; x_wconf 85' lang='lat' dir='ltr'><strong>des</strong></span> <span class='ocrx_word' id='word_1_210' title='bbox 251 2674 377 2757; x_wconf 66' lang='lat' dir='ltr'><strong>arud.</strong></span> <span class='ocrx_word' id='word_1_211' title='bbox 407 2678 565 2744; x_wconf 84' lang='lat' dir='ltr'><strong>llnsenms</strong></span> <span class='ocrx_word' id='word_1_212' title='bbox 588 2699 627 2744; x_wconf 84' lang='lat' dir='ltr'><strong>zu</strong></span> <span class='ocrx_word' id='word_1_213' title='bbox 647 2679 791 2757; x_wconf 78' lang='lat' dir='ltr'><strong>Berlin»,</strong></span> <span class='ocrx_word' id='word_1_214' title='bbox 820 2680 932 2758; x_wconf 85' lang='lat' dir='ltr'><strong>tch.1;</strong></span> <span class='ocrx_word' id='word_1_215' title='bbox 962 2689 1155 2758; x_wconf 83' lang='lat' dir='ltr'><strong>quamquam</strong></span> <span class='ocrx_word' id='word_1_216' title='bbox 1175 2691 1240 2738; x_wconf 91' lang='lat' dir='ltr'><strong>non</strong></span> 
     </span>
    </p>
   </div>
   <div class='ocr_carea' id='block_1_3' title="bbox 96 2773 1373 2863">
    <p class='ocr_par' dir='ltr' id='par_1_3' title="bbox 96 2773 1373 2863">
     <span class='ocr_line' id='line_1_27' title="bbox 96 2773 1373 2863; baseline 0.013 -26"><span class='ocrx_word' id='word_1_217' title='bbox 96 2794 195 2860; x_wconf 77' lang='lat' dir='ltr'><strong>nego,</strong></span> <span class='ocrx_word' id='word_1_218' title='bbox 227 2774 285 2848; x_wconf 83' lang='lat' dir='ltr'><strong>har</strong></span> <span class='ocrx_word' id='word_1_219' title='bbox 309 2776 404 2841; x_wconf 83' lang='lat' dir='ltr'><strong>eriam</strong></span> <span class='ocrx_word' id='word_1_220' title='bbox 432 2778 523 2844; x_wconf 80' lang='lat' dir='ltr'><strong>aliter</strong></span> <span class='ocrx_word' id='word_1_221' title='bbox 551 2781 701 2862; x_wconf 83' lang='lat' dir='ltr'><strong>explicari</strong></span> <span class='ocrx_word' id='word_1_222' title='bbox 732 2799 838 2863; x_wconf 85' lang='lat' dir='ltr'><strong>posse.</strong></span> <span class='ocrx_word' id='word_1_223' title='bbox 879 2782 959 2845; x_wconf 86' lang='lat' dir='ltr'><strong>Num</strong></span> <span class='ocrx_word' id='word_1_224' title='bbox 980 2779 1076 2861; x_wconf 76' lang='lat' dir='ltr'><strong>igitur</strong></span> <span class='ocrx_word' id='word_1_225' title='bbox 1096 2777 1160 2846; x_wconf 72' lang='lat' dir='ltr'><strong>hoo</strong></span> <span class='ocrx_word' id='word_1_226' title='bbox 1182 2782 1240 2852; x_wconf 85' lang='lat' dir='ltr'><strong>ost,</strong></span> <span class='ocrx_word' id='word_1_227' title='bbox 1370 2773 1373 2782; x_wconf 49' lang='grc'>’</span> 
     </span>
    </p>
   </div>
   <div class='ocr_carea' id='block_1_4' title="bbox 92 2876 1242 4275">
    <p class='ocr_par' dir='ltr' id='par_1_4' title="bbox 92 2876 1242 4275">
     <span class='ocr_line' id='line_1_28' title="bbox 95 2876 1240 2962; baseline 0.003 -24"><span class='ocrx_word' id='word_1_228' title='bbox 95 2877 183 2959; x_wconf 88' lang='lat' dir='ltr'><strong>qnod</strong></span> <span class='ocrx_word' id='word_1_229' title='bbox 203 2876 270 2945; x_wconf 80' lang='lat' dir='ltr'><strong>ruit</strong></span> <span class='ocrx_word' id='word_1_230' title='bbox 297 2877 524 2943; x_wconf 82' lang='lat' dir='ltr'><strong>Pistlrataerus:</strong></span> <span class='ocrx_word' id='word_1_231' title='bbox 557 2881 630 2942; x_wconf 86' lang='lat' dir='ltr'><strong>ollis</strong></span> <span class='ocrx_word' id='word_1_232' title='bbox 650 2881 713 2944; x_wconf 84' lang='lat' dir='ltr'><strong>illis</strong></span> <span class='ocrx_word' id='word_1_233' title='bbox 743 2882 904 2958; x_wconf 75' lang='lat' dir='ltr'><strong>Mineruae</strong></span> <span class='ocrx_word' id='word_1_234' title='bbox 938 2881 1029 2962; x_wconf 77' lang='lat' dir='ltr'><strong>quasi</strong></span> <span class='ocrx_word' id='word_1_235' title='bbox 1062 2879 1161 2944; x_wconf 87' lang='lat' dir='ltr'><strong>sacris</strong></span> <span class='ocrx_word' id='word_1_236' title='bbox 1188 2878 1240 2942; x_wconf 77' lang='lat' dir='ltr'><strong>vel</strong></span> 
     </span>
     <span class='ocr_line' id='line_1_29' title="bbox 93 2978 1239 3059; baseline 0 -18"><span class='ocrx_word' id='word_1_237' title='bbox 93 2980 149 3054; x_wconf 84' lang='lat' dir='ltr'><strong>iis,</strong></span> <span class='ocrx_word' id='word_1_238' title='bbox 179 2978 233 3059; x_wconf 84' lang='lat' dir='ltr'><strong>qai</strong></span> <span class='ocrx_word' id='word_1_239' title='bbox 255 2996 309 3044; x_wconf 86' lang='lat' dir='ltr'><strong>aas</strong></span> <span class='ocrx_word' id='word_1_240' title='bbox 322 2983 474 3059; x_wconf 62' lang='lat' dir='ltr'><strong>posteat,</strong></span> <span class='ocrx_word' id='word_1_241' title='bbox 506 2978 585 3041; x_wconf 90' lang='lat' dir='ltr'><strong>nihil</strong></span> <span class='ocrx_word' id='word_1_242' title='bbox 606 2998 710 3044; x_wconf 83' lang='lat' dir='ltr'><strong>noxae</strong></span> <span class='ocrx_word' id='word_1_243' title='bbox 731 2981 898 3046; x_wconf 80' lang='lat' dir='ltr'><strong>allaturam</strong></span> <span class='ocrx_word' id='word_1_244' title='bbox 928 3001 1001 3044; x_wconf 86' lang='lat' dir='ltr'><strong>assa</strong></span> <span class='ocrx_word' id='word_1_245' title='bbox 1021 2993 1115 3046; x_wconf 81' lang='lat' dir='ltr'><strong>aram</strong></span> <span class='ocrx_word' id='word_1_246' title='bbox 1133 2981 1239 3042; x_wconf 84' lang='lat' dir='ltr'><strong>eidem</strong></span> 
     </span>
     <span class='ocr_line' id='line_1_30' title="bbox 95 3077 1242 3163; baseline -0.007 -15"><span class='ocrx_word' id='word_1_247' title='bbox 95 3081 178 3143; x_wconf 87' lang='lat' dir='ltr'><strong>deae</strong></span> <span class='ocrx_word' id='word_1_248' title='bbox 198 3086 231 3140; x_wconf 70' lang='lat' dir='ltr'><strong>et</strong></span> <span class='ocrx_word' id='word_1_249' title='bbox 251 3077 353 3158; x_wconf 67' lang='lat' dir='ltr'><strong>ipsam</strong></span> <span class='ocrx_word' id='word_1_250' title='bbox 374 3082 519 3148; x_wconf 75' lang='lat' dir='ltr'><strong>sacranti</strong></span> <span class='ocrx_word' id='word_1_251' title='bbox 562 3080 626 3144; x_wconf 85' lang='lat' dir='ltr'><strong>Sed</strong></span> <span class='ocrx_word' id='word_1_252' title='bbox 647 3101 754 3163; x_wconf 88' lang='lat' dir='ltr'><strong>nequa</strong></span> <span class='ocrx_word' id='word_1_253' title='bbox 773 3084 840 3148; x_wconf 75' lang='lat' dir='ltr'><strong>liae</strong></span> <span class='ocrx_word' id='word_1_254' title='bbox 868 3081 1094 3161; x_wconf 81' lang='lat' dir='ltr'><strong>interpretandi</strong></span> <span class='ocrx_word' id='word_1_255' title='bbox 1115 3079 1242 3142; x_wconf 85' lang='lat' dir='ltr'><strong>ratione</strong></span> 
     </span>
     <span class='ocr_line' id='line_1_31' title="bbox 93 3178 1240 3260; baseline 0 -16"><span class='ocrx_word' id='word_1_256' title='bbox 93 3179 307 3260; x_wconf 85' lang='lat' dir='ltr'><strong>respondetur</strong></span> <span class='ocrx_word' id='word_1_257' title='bbox 328 3178 370 3241; x_wconf 90' lang='lat' dir='ltr'><strong>ad</strong></span> <span class='ocrx_word' id='word_1_258' title='bbox 391 3180 593 3260; x_wconf 87' lang='lat' dir='ltr'><strong>quaestiones</strong></span> <span class='ocrx_word' id='word_1_259' title='bbox 623 3183 730 3248; x_wconf 86' lang='lat' dir='ltr'><strong>husee.</strong></span> <span class='ocrx_word' id='word_1_260' title='bbox 778 3185 903 3250; x_wconf 83' lang='lat' dir='ltr'><strong>Etenim</strong></span> <span class='ocrx_word' id='word_1_261' title='bbox 925 3182 1006 3246; x_wconf 86' lang='lat' dir='ltr'><strong>ollas</strong></span> <span class='ocrx_word' id='word_1_262' title='bbox 1027 3180 1240 3246; x_wconf 81' lang='lat' dir='ltr'><strong>Pirthetncrus</strong></span> 
     </span>
     <span class='ocr_line' id='line_1_32' title="bbox 93 3282 1242 3369; baseline -0.003 -19"><span class='ocrx_word' id='word_1_263' title='bbox 93 3292 190 3365; x_wconf 74' lang='lat' dir='ltr'><strong>atque</strong></span> <span class='ocrx_word' id='word_1_264' title='bbox 209 3282 381 3364; x_wconf 86' lang='lat' dir='ltr'><strong>Euelpides</strong></span> <span class='ocrx_word' id='word_1_265' title='bbox 411 3282 524 3362; x_wconf 92' lang='lat' dir='ltr'><strong>procul</strong></span> <span class='ocrx_word' id='word_1_266' title='bbox 557 3282 654 3347; x_wconf 87' lang='lat' dir='ltr'><strong>dnbio</strong></span> <span class='ocrx_word' id='word_1_267' title='bbox 684 3287 776 3369; x_wconf 81' lang='lat' dir='ltr'><strong>juxta</strong></span> <span class='ocrx_word' id='word_1_268' title='bbox 806 3307 842 3349; x_wconf 85' lang='lat' dir='ltr'><strong>se</strong></span> <span class='ocrx_word' id='word_1_269' title='bbox 861 3285 1051 3350; x_wconf 64' lang='lat' dir='ltr'><strong>vcollocatas</strong></span> <span class='ocrx_word' id='word_1_270' title='bbox 1080 3283 1242 3348; x_wconf 78' lang='lat' dir='ltr'><strong>habehant</strong></span> 
     </span>
     <span class='ocr_line' id='line_1_33' title="bbox 92 3383 1238 3472; baseline 0.002 -22"><span class='ocrx_word' id='word_1_271' title='bbox 92 3389 156 3462; x_wconf 83' lang='lat' dir='ltr'><strong>ita,</strong></span> <span class='ocrx_word' id='word_1_272' title='bbox 179 3394 318 3452; x_wconf 80' lang='lat' dir='ltr'><strong>atcerte</strong></span> <span class='ocrx_word' id='word_1_273' title='bbox 339 3383 478 3463; x_wconf 80' lang='lat' dir='ltr'><strong>conspici</strong></span> <span class='ocrx_word' id='word_1_274' title='bbox 499 3393 631 3465; x_wconf 77' lang='lat' dir='ltr'><strong>possent</strong></span> <span class='ocrx_word' id='word_1_275' title='bbox 646 3405 672 3450; x_wconf 72' lang='lat' dir='ltr'><strong>*a</strong></span> <span class='ocrx_word' id='word_1_276' title='bbox 697 3397 821 3456; x_wconf 81' lang='lat' dir='ltr'><strong>noctua.</strong></span> <span class='ocrx_word' id='word_1_277' title='bbox 863 3391 949 3472; x_wconf 79' lang='lat' dir='ltr'><strong>Ergo</strong></span> <span class='ocrx_word' id='word_1_278' title='bbox 973 3389 1047 3470; x_wconf 81' lang='lat' dir='ltr'><strong>quid</strong></span> <span class='ocrx_word' id='word_1_279' title='bbox 1071 3399 1128 3468; x_wconf 83' lang='lat' dir='ltr'><strong>est,</strong></span> <span class='ocrx_word' id='word_1_280' title='bbox 1152 3389 1238 3470; x_wconf 88' lang='lat' dir='ltr'><strong>quod</strong></span> 
     </span>
     <span class='ocr_line' id='line_1_34' title="bbox 92 3487 1240 3573; baseline -0.003 -20"><span class='ocrx_word' id='word_1_281' title='bbox 92 3487 308 3554; x_wconf 81' lang='lat' dir='ltr'><strong>Pistlreteerua</strong></span> <span class='ocrx_word' id='word_1_282' title='bbox 340 3487 432 3562; x_wconf 73' lang='lat' dir='ltr'><strong>dicit,</strong></span> <span class='ocrx_word' id='word_1_283' title='bbox 464 3489 570 3552; x_wconf 79' lang='lat' dir='ltr'><strong>cossi</strong></span> <span class='ocrx_word' id='word_1_284' title='bbox 600 3487 856 3573; x_wconf 62' lang='lat' dir='ltr'><strong>prodendum,</strong></span> <span class='ocrx_word' id='word_1_285' title='bbox 886 3500 1034 3556; x_wconf 86' lang='lat' dir='ltr'><strong>noctuam</strong></span> <span class='ocrx_word' id='word_1_286' title='bbox 1063 3494 1151 3573; x_wconf 88' lang='lat' dir='ltr'><strong>ipsos</strong></span> <span class='ocrx_word' id='word_1_287' title='bbox 1174 3507 1240 3552; x_wconf 91' lang='lat' dir='ltr'><strong>non</strong></span> 
     </span>
     <span class='ocr_line' id='line_1_35' title="bbox 93 3589 1241 3676; baseline -0.005 -18"><span class='ocrx_word' id='word_1_288' title='bbox 93 3611 164 3658; x_wconf 81' lang='lat' dir='ltr'><strong>asse</strong></span> <span class='ocrx_word' id='word_1_289' title='bbox 181 3590 430 3676; x_wconf 69' lang='lat' dir='ltr'><strong>‘aggressurami</strong></span> <span class='ocrx_word' id='word_1_290' title='bbox 484 3589 654 3655; x_wconf 84' lang='lat' dir='ltr'><strong>Praeterea</strong></span> <span class='ocrx_word' id='word_1_291' title='bbox 688 3591 785 3654; x_wconf 87' lang='lat' dir='ltr'><strong>ollam</strong></span> <span class='ocrx_word' id='word_1_292' title='bbox 814 3589 957 3670; x_wconf 80' lang='lat' dir='ltr'><strong>tiglinnm</strong></span> <span class='ocrx_word' id='word_1_293' title='bbox 984 3611 1067 3672; x_wconf 89' lang='lat' dir='ltr'><strong>opus</strong></span> <span class='ocrx_word' id='word_1_294' title='bbox 1101 3591 1241 3654; x_wconf 86' lang='lat' dir='ltr'><strong>omniurn</strong></span> 
     </span>
     <span class='ocr_line' id='line_1_36' title="bbox 92 3689 1240 3771; baseline 0.003 -14"><span class='ocrx_word' id='word_1_295' title='bbox 92 3691 411 3762; x_wconf 73' lang='lat' dir='ltr'><strong>rudissimumluissa</strong></span> <span class='ocrx_word' id='word_1_296' title='bbox 434 3697 558 3756; x_wconf 68' lang='lat' dir='ltr'><strong>eansmt</strong></span> <span class='ocrx_word' id='word_1_297' title='bbox 580 3697 612 3753; x_wconf 89' lang='lat' dir='ltr'><strong>et</strong></span> <span class='ocrx_word' id='word_1_298' title='bbox 626 3689 763 3754; x_wconf 80' lang='lat' dir='ltr'><strong>-onntuc</strong></span> <span class='ocrx_word' id='word_1_299' title='bbox 787 3689 923 3771; x_wconf 75' lang='lat' dir='ltr'><strong>nigrum.</strong></span> <span class='ocrx_word' id='word_1_300' title='bbox 967 3691 1140 3765; x_wconf 79' lang='lat' dir='ltr'><strong>Quomodo</strong></span> <span class='ocrx_word' id='word_1_301' title='bbox 1168 3691 1240 3760; x_wconf 72' lang='lat' dir='ltr'><strong>lieu</strong></span> 
     </span>
     <span class='ocr_line' id='line_1_37' title="bbox 94 3790 1241 3878; baseline -0.003 -18"><span class='ocrx_word' id='word_1_302' title='bbox 94 3795 215 3878; x_wconf 90' lang='lat' dir='ltr'><strong>potnit,</strong></span> <span class='ocrx_word' id='word_1_303' title='bbox 245 3801 280 3858; x_wconf 92' lang='lat' dir='ltr'><strong>ut</strong></span> <span class='ocrx_word' id='word_1_304' title='bbox 306 3793 399 3858; x_wconf 78' lang='lat' dir='ltr'><strong>facile</strong></span> <span class='ocrx_word' id='word_1_305' title='bbox 424 3790 671 3874; x_wconf 73' lang='lat' dir='ltr'><strong>intelligeretur,</strong></span> <span class='ocrx_word' id='word_1_306' title='bbox 702 3791 784 3857; x_wconf 86' lang='lat' dir='ltr'><strong>tales</strong></span> <span class='ocrx_word' id='word_1_307' title='bbox 810 3790 898 3854; x_wconf 88' lang='lat' dir='ltr'><strong>ollae</strong></span> <span class='ocrx_word' id='word_1_308' title='bbox 920 3801 1024 3858; x_wconf 78' lang='lat' dir='ltr'><strong>mrum</strong></span> <span class='ocrx_word' id='word_1_309' title='bbox 1054 3794 1179 3858; x_wconf 77' lang='lat' dir='ltr'><strong>Atticae</strong></span> <span class='ocrx_word' id='word_1_310' title='bbox 1198 3813 1241 3858; x_wconf 87' lang='lat' dir='ltr'><strong>an</strong></span> 
     </span>
     <span class='ocr_line' id='line_1_38' title="bbox 93 3894 1238 3978; baseline -0.001 -18"><span class='ocrx_word' id='word_1_311' title='bbox 93 3896 174 3960; x_wconf 89' lang='lat' dir='ltr'><strong>alius</strong></span> <span class='ocrx_word' id='word_1_312' title='bbox 197 3896 285 3978; x_wconf 78' lang='lat' dir='ltr'><strong>curius</strong></span> <span class='ocrx_word' id='word_1_313' title='bbox 305 3894 452 3960; x_wconf 74' lang='lat' dir='ltr'><strong>iubricae,</strong></span> <span class='ocrx_word' id='word_1_314' title='bbox 468 3896 601 3959; x_wconf 84' lang='lat' dir='ltr'><strong>essenti</strong></span> <span class='ocrx_word' id='word_1_315' title='bbox 643 3895 712 3958; x_wconf 85' lang='lat' dir='ltr'><strong>Non</strong></span> <span class='ocrx_word' id='word_1_316' title='bbox 742 3907 833 3958; x_wconf 49' lang='lat' dir='ltr'><strong>¹alatro,</strong></span> <span class='ocrx_word' id='word_1_317' title='bbox 857 3913 898 3958; x_wconf 83' lang='lat' dir='ltr'><strong>ex</strong></span> <span class='ocrx_word' id='word_1_318' title='bbox 919 3896 1038 3975; x_wconf 76' lang='lat' dir='ltr'><strong>forma3</strong></span> <span class='ocrx_word' id='word_1_319' title='bbox 1072 3899 1131 3962; x_wconf 84' lang='lat' dir='ltr'><strong>scd</strong></span> <span class='ocrx_word' id='word_1_320' title='bbox 1153 3898 1238 3961; x_wconf 88' lang='lat' dir='ltr'><strong>ultro</strong></span> 
     </span>
     <span class='ocr_line' id='line_1_39' title="bbox 94 3996 1239 4079; baseline -0.003 -17"><span class='ocrx_word' id='word_1_321' title='bbox 94 4018 134 4065; x_wconf 82' lang='lat' dir='ltr'><strong>cc</strong></span> <span class='ocrx_word' id='word_1_322' title='bbox 157 3997 349 4070; x_wconf 74' lang='lat' dir='ltr'><strong>ddalriarur,</strong></span> <span class='ocrx_word' id='word_1_323' title='bbox 380 4002 416 4058; x_wconf 90' lang='lat' dir='ltr'><strong>ut</strong></span> <span class='ocrx_word' id='word_1_324' title='bbox 436 4011 638 4076; x_wconf 74' lang='lat' dir='ltr'><strong>recreamur,</strong></span> <span class='ocrx_word' id='word_1_325' title='bbox 673 3996 797 4079; x_wconf 85' lang='lat' dir='ltr'><strong>signum</strong></span> <span class='ocrx_word' id='word_1_326' title='bbox 814 3997 949 4079; x_wconf 81' lang='lat' dir='ltr'><strong>aliquod</strong></span> <span class='ocrx_word' id='word_1_327' title='bbox 962 3996 1101 4060; x_wconf 82' lang='lat' dir='ltr'><strong>infuisse</strong></span> <span class='ocrx_word' id='word_1_328' title='bbox 1122 3999 1156 4060; x_wconf 92' lang='lat' dir='ltr'><strong>in</strong></span> <span class='ocrx_word' id='word_1_329' title='bbox 1177 3998 1239 4060; x_wconf 87' lang='lat' dir='ltr'><strong>illis</strong></span> 
     </span>
     <span class='ocr_line' id='line_1_40' title="bbox 95 4094 1239 4190; baseline -0.003 -27"><span class='ocrx_word' id='word_1_330' title='bbox 95 4099 168 4168; x_wconf 80' lang='lat' dir='ltr'><strong>ollis</strong></span> <span class='ocrx_word' id='word_1_331' title='bbox 188 4117 211 4190; x_wconf 77' lang='lat' dir='ltr'><strong>a</strong></span> <span class='ocrx_word' id='word_1_332' title='bbox 231 4098 427 4170; x_wconf 74' lang='lat' dir='ltr'><strong>audemaro</strong></span> <span class='ocrx_word' id='word_1_333' title='bbox 450 4107 482 4162; x_wconf 90' lang='lat' dir='ltr'><strong>et</strong></span> <span class='ocrx_word' id='word_1_334' title='bbox 500 4101 655 4184; x_wconf 79' lang='lat' dir='ltr'><strong>Euripide</strong></span> <span class='ocrx_word' id='word_1_335' title='bbox 678 4100 792 4180; x_wconf 73' lang='lat' dir='ltr'><strong>elutis,</strong></span> <span class='ocrx_word' id='word_1_336' title='bbox 816 4119 856 4166; x_wconf 82' lang='lat' dir='ltr'><strong>ax</strong></span> <span class='ocrx_word' id='word_1_337' title='bbox 876 4101 944 4184; x_wconf 81' lang='lat' dir='ltr'><strong>quo</strong></span> <span class='ocrx_word' id='word_1_338' title='bbox 965 4103 1005 4164; x_wconf 90' lang='lat' dir='ltr'><strong>de</strong></span> <span class='ocrx_word' id='word_1_339' title='bbox 1027 4094 1239 4173; x_wconf 78' lang='lat' dir='ltr'><strong>labricacapi</strong></span> 
     </span>
     <span class='ocr_line' id='line_1_41' title="bbox 888 4215 907 4275; baseline 0 0"><span class='ocrx_word' id='word_1_340' title='bbox 888 4215 907 4275; x_wconf 83' lang='lat'><strong>7</strong></span> 
     </span>
    </p>
   </div>
   <div class='ocr_carea' id='block_1_5' title="bbox 0 0 1460 4654">
    <p class='ocr_par' dir='ltr' id='par_1_5' title="bbox 0 0 1460 4654">
     <span class='ocr_line' id='line_1_42' title="bbox 0 0 1460 4654; baseline 0 0"><span class='ocrx_word' id='word_1_341' title='bbox 0 0 1460 4654; x_wconf 95' lang='lat' dir='ltr'><strong> </strong></span> 
     </span>
    </p>
   </div>
  </div>
 </body>
</html>
