2910 4672
414 970 754 1109 '·.1.ss

198 1200 417 1294 Disputaturde
438 1223 574 1301 scriptura
596 1223 676 1277 vce
702 1225 789 1294 deque
813 1223 937 1288 ratione,
965 1239 1018 1292 qun
1042 1223 1074 1272 nd
1097 1238 1191 1292 rupem
1251 1282 1254 1290 ,

497 1307 591 1365 affixus
615 1315 699 1366 tuerit
716 1312 903 1366 Prometheus.

196 1481 200 1492 ’
247 1463 442 1551 Ἥφαιστε,
469 1467 520 1534 σοὶ
545 1467 579 1533 δὲ
607 1462 667 1554 χρὴ
695 1469 812 1550 μέλειν
835 1461 1030 1542 ἐπιστολάς)

251 1565 299 1641 ὅς’
315 1591 366 1632 σοι
389 1565 503 1650 πατὴρ
524 1572 654 1652 desire,
682 1567 780 1635 τόνδε
802 1563 1047 1652 πρδςπέτραις

253 1663 532 1754 ὑψηλοκρήμνοις
552 1665 615 1738 τόν
637 1663 781 1756 λιαργδν
804 1661 951 1757 ὀχμάσαι
1002 1681 1004 1688 ’

168 1799 172 1809 ·
256 1762 497 1853 ἀδαμαντίνων
525 1771 654 1855 δεσμῶν
682 1775 720 1838 ἐν
743 1763 918 1858 αἶρ’ῥὴκτσις
944 1769 1073 1844 πέδαις.

128 1873 243 1948 Verba,
257 1886 338 1952 qnae
349 1871 458 1934 nldmo
468 1889 562 1938 verse
573 1873 727 1956 leguntur,
741 1892 806 1934 non
816 1873 969 1934 librorum
980 1891 1071 1934 mser.
1082 1872 1271 1956 Aesrh'ylio-

127 1995 197 2036 rum
219 1973 356 2036 nituntur
377 1972 457 2049 fide,
479 1973 537 2035 sed
558 1992 576 2034 e
598 1973 720 2036 scholio
743 1973 785 2034 ad
801 1973 1018 2054 Aristophanis
1035 1973 1273 2049 anusvnazt,

128 2077 181 2143 uhi
203 2075 254 2138 hic
275 2075 365 2138 locus
385 2075 511 2152 citatur,
541 2083 612 2142 sunt
632 2069 739 2158 petita.
784 2073 915 2137 Codices
937 2075 1092 2155 praebent
1114 2069 1272 2156 ἀδαμαν-

127 2179 234 2250 ιι“νοις
258 2177 310 2240 vel
337 2171 588 2263 ἀδαμαντίνως
616 2177 668 2240 voi
697 2169 937 2261 ἀδαμαντίνης
963 2175 1108 2264 usupare
1130 2178 1182 2242 vel
1208 2179 1271 2246 πέ-

127 2281 238 2346 δαισιν
262 2279 314 2342 vei
334 2275 453 2350 πέδαις
474 2271 886 2362 ἐν’ἅῤῥὴιτσιςαέτραις,
909 2277 963 2342 ἱῑα
976 2279 1103 2358 quidem
1125 2287 1159 2342 ut
1181 2284 1216 2345 ἐν
1239 2269 1271 2342 in
1376 2312 1379 2322 s

127 2382 284 2444 nonmdiis
301 2383 370 2442 'non
397 2383 557 2461 appareat
608 2379 645 2438 ln
667 2378 737 2442 cod.
759 2377 892 2460 Guclph.
916 2381 1054 2463 πέτραις
1077 2399 1202 2446 erasum
1225 2393 1273 2448 cst

127 2490 160 2546 et
186 2484 219 2544 in
247 2481 382 2544 Vindoh.
411 2480 443 2543 C.
472 2486 505 2542 et
531 2481 622 2544 Fam.
648 2481 680 2542 in
707 2481 791 2565 ,λέγω
817 2487 969 2544 moutam
997 2482 1038 2544 ab
1066 2484 1119 2561 iis,
1158 2487 1210 2568 qui
1239 2488 1271 2550 in

126 2585 261 2672 repetito
278 2583 434 2649 vocabtdo
457 2583 665 2646 offenderent.
710 2583 817 2660 Quivis
836 2605 930 2660 nnus,
954 2585 1007 2666 qni
1024 2595 1168 2650 accurate
1181 2608 1270 2670 pen-

126 2688 280 2765 sitaverit,
312 2690 510 2770 quantopere
536 2687 680 2750 codicum
707 2686 859 2750 lectiones
888 2690 1085 2752 consentiant
1105 2698 1137 2752 ct
1158 2692 1199 2754 ab
1222 2711 1270 2769 ea,

127 2807 209 2872 quoe
240 2809 259 2854 a
288 2789 458 2861 scholiasta
485 2789 708 2872 Aristophanis
743 2791 858 2853 madito
883 2797 954 2866 est,
991 2791 1188 2873 discrepent,
1225 2794 1270 2857 illi

129 2893 271 2957 codicum
292 2894 457 2956 consensui
478 2895 547 2975 plus
569 2892 771 2956 tribuendum
790 2911 861 2957 osse
879 2894 1033 2972 censebit,
1057 2913 1151 2976 quam
1168 2897 1269 2960 scho-

128 2997 249 3074 liastae
269 2993 507 3077 laudandusque¹
518 2995 739 3072 Schneiderus,
756 2995 940 3074 ceteroquin
952 2993 1004 3059 illo
1018 3016 1082 3058 non
1099 3015 1175 3061 sane
1195 2998 1269 3061 lan-

128 3097 242 3160 dabilis
264 3097 500 3180 Aeschyliurum
524 3097 728 3178 reliquiarum
750 3097 869 3172 editor,
899 3099 1000 3178 quod,
1029 3117 1125 3179 quum
1145 3103 1270 3182 priores

127 3199 308 3286 Promethei
330 3199 467 3260 editores
489 3198 667 3279 -opinor
687 3217 757 3260 eam
779 3198 928 3280 imprimis
948 3200 990 3260 oh
1010 3217 1161 3278 caussam,
1185 3204 1271 3284 qnod

127 3304 321 3386 ascriptum
342 3302 485 3367 codicum
507 3321 599 3364 mser.
622 3300 706 3364 hunc
725 3301 830 3364 locum
852 3309 925 3382 apte
946 3302 1066 3366 restitui
1089 3324 1152 3368 non
1173 3321 1269 3387 posse

125 3414 271 3490 putarent
286 3441 330 3456 --
344 3403 497 3468 librorum
519 3423 611 3468 mser.
624 3403 842 3471 auctoritatem
859 3423 923 3470 non
939 3414 1114 3483 curassent,
1138 3415 1268 3471 contra-

125 3510 204 3572 riam
225 3507 292 3570 iniit
312 3508 410 3583 uam,
432 3509 632 3590 scripturam,
656 3505 792 3589 quaein
814 3507 935 3573 scholio
951 3507 1175 3591 Aristophanio
1193 3527 1268 3570 ser-

125 3618 197 3676 vete
219 3615 282 3684 est,
308 3609 481 3692 conjectori
502 3610 613 3671 deberi
633 3610 786 3690 judicans.
829 3610 894 3672 Sed
916 3627 1009 3690 qnam
1031 3611 1099 3690 ipse
1121 3610 1278 3691 probavit.

125 3712 267 3776 codicum
288 3710 475 3793 scripturam
497 3717 530 3771 et
551 3727 628 3790 quas
651 3709 838 3790 excogitavit
862 3710 1152 3792 interpretationes,
1182 3719 1267 3778 stare

125 3833 183 3878 eae
219 3813 465 3896 haudquaquam
497 3819 638 3896 possunt.
700 3809 829 3892 Scripsit
857 3819 978 3874 autem:
1016 3810 1270 3896 δδαμαντίναις

125 3914 266 4001 ntupum
290 3908 468 4002 ἀρρήκτοις
494 3916 649 3998 πέτραις,
679 3935 761 3997 quae
782 3916 882 3979 verba
903 3916 948 3980 sic
971 3916 1150 3999 explicavit:
1184 3921 1267 3984 emit

124 4017 306 4080 stiihlernen
329 4015 459 4102 (seston)
489 4038 529 4081 an
557 4019 619 4081 deu
640 4021 753 4083 Felsen
776 4019 874 4104 (heim
895 4021 1103 4103 Einschlagen
1131 4021 1163 4082 in
1192 4021 1265 4083 die-

124 4117 248 4204 sclhen)
271 4120 357 4183 nicht
378 4119 642 4202 zerspringenden
658 4123 786 4190 Fesselu
809 4124 888 4190 oder
910 4124 965 4187 mit
980 4122 1112 4185 solchon
1134 4121 1185 4183 die
1203 4122 1264 4180 den

123 4223 235 4284 Felsen
265 4223 351 4287 nicht
380 4243 419 4288 zu
450 4224 621 4289 entreissen
652 4227 749 4290 sind.»
820 4230 910 4306 Quae
948 4229 974 4290 si
1012 4233 1097 4289 stare
1127 4224 1263 4302 possent,
