2910 4654
681 175 729 212 ...·
768 159 810 224 52
854 195 895 206 ..-

219 333 403 395 citharistas
422 371 425 381 .
446 333 507 395 Pro
538 333 650 394 eadem
679 332 834 394 sententia
855 331 935 392 haec
964 331 1081 393 faciunt
1112 337 1255 390 accurate
1279 347 1360 409 per-

217 451 330 514 pensa,
359 434 402 494 ita
425 435 567 514 quidem,
602 442 636 518 ut
657 433 749 494 simul
772 451 880 494 ornnes
901 435 1038 514 scrupuli
1060 434 1250 503 adimantur,
1281 449 1362 509 quos

219 553 348 596 movere
371 536 439 616 quis
461 538 562 616 possit
591 543 777 616 prepterea,
816 535 901 614 quod
928 535 1077 596 tibiarum
1111 533 1243 593 similem
1267 551 1359 593 men-

219 637 336 697 tionem
367 637 483 698 nullam
518 637 644 698 omnino
674 637 816 697 videmus
840 637 971 697 lectam.
994 675 997 682 .
1017 638 1100 710 Quid
1128 636 1234 696 enimi
1279 636 1359 695 Num

218 739 308 800 tibias
348 757 412 799 non
443 739 566 800 venisse
599 741 630 799 in
666 746 878 818 conspectum
903 739 1053 800 credibile
1089 742 1157 798 est?
1223 737 1256 798 Si
1289 735 1360 816 quis

218 861 327 908 eorum
349 843 539 916 meminerit,
574 859 664 923 quae
689 859 785 921 supra
808 840 847 900 de
871 849 976 903 restro
999 841 1148 908 lusciniae
1171 839 1295 899 duobus
1318 857 1360 898 ex

216 945 351 1006 verubus
374 954 535 1008 constante
558 955 629 1007 sunt
650 945 782 1018 monita,
805 943 831 1004 is
854 943 960 1016 facile,
992 945 1124 1023 opiner,
1155 961 1231 1004 ase
1251 943 1359 1021 impe-

216 1044 326 1120 trabit,
358 1055 392 1108 ut
413 1048 536 1122 credat,
570 1048 663 1108 etiam
685 1047 777 1106 trium
796 1043 914 1106 'harum
945 1044 1034 1107 cheri
1057 1045 1216 1106 tibicinum
1239 1063 1359 1124 organa

217 1149 335 1209 musica
363 1151 460 1210 fuisse
493 1141 570 1210 leco·
597 1156 780 1209 rostrorum.
837 1147 896 1208 Ad·
914 1165 1007 1228 quam
1029 1167 1096 1208 rem
1126 1147 1252 1228 egregie
1276 1164 1361 1226 qua-

216 1249 300 1324 drat,
333 1253 418 1330 quod
451 1260 520 1312 tam
535 1271 574 1310 ex
601 1252 692 1314 certis
716 1249 902 1329 quibusdam
925 1244 1123 1322 testimoniis,
1154 1248 1209 1308 cir.
1232 1248 1286 1308 Vs.
1306 1247 1362 1321 62,

215 1351 266 1424 99,
290 1351 362 1425 308,
386 1369 479 1430 quam
502 1370 541 1409 ex
564 1370 622 1421 ee,
647 1351 733 1426 quod
754 1350 791 1424 ii,
815 1349 867 1429 qui
889 1348 1059 1428 loquuntur
1080 1349 1131 1410 vel
1154 1357 1277 1423 canunt,
1300 1368 1359 1410 ore

216 1461 325 1532 aperto
361 1471 440 1533 opus
478 1452 613 1523 habent,
644 1445 810 1530 probabile
841 1447 893 1522 fit,
933 1467 1008 1510 aves
1031 1451 1089 1510 ad
1122 1467 1214 1510 uuam
1246 1469 1358 1523 omues

215 1555 324 1612 rostris
347 1550 506 1629 praeditas
529 1552 624 1611 luisse
648 1549 774 1630 apertis.
819 1549 913 1620 Quod
944 1569 1039 1626 quum
1060 1552 1103 1606 ita
1126 1559 1208 1607 esset
1229 1551 1358 1607 institu-

218 1659 300 1726 tum,
332 1654 444 1713 mirum
468 1653 592 1726 luisset,
624 1653 649 1711 si
672 1651 757 1712 solus
781 1648 989 1730 gallinaceus,
1013 1647 1170 1726 quamvis,
1198 1647 1360 1711 sinestra

216 1754 370 1814 sententia
392 1770 469 1815 vera
501 1761 557 1828 est,
589 1758 697 1832 utpote
727 1749 889 1822 citharista
908 1751 1036 1830 proprie
1068 1767 1177 1812 carere
1204 1751 1359 1830 potuisset

217 1864 321 1918 rostro
352 1865 481 1937 aperto,
508 1858 542 1924 id
572 1855 912 1917 habuissetcleusum.
956 1855 1044 1916 Unde
1082 1854 1198 1916 lactum
1227 1863 1291 1929 est,
1326 1863 1360 1915 ut

215 1959 375 2034 tibiarum,
407 1961 461 2035 ubi
493 1960 532 2020 de
555 1951 665 2022 avibus
688 1955 832 2019 tibicines
863 1957 1026 2039 agentibus
1049 1977 1152 2018 sermo
1176 1963 1239 2030 est,
1273 1957 1358 2018 nulla

215 2061 254 2120 sit
276 2061 389 2143 injecta
411 2063 542 2138 mentio,
565 2071 597 2124 et
618 2061 686 2123 vice
711 2075 815 2134 versa,
839 2060 891 2119 ubi
915 2061 954 2120 de
978 2059 1267 2139 citharista-agitur,
1291 2058 1357 2121 hu-

213 2163 263 2244 jus
297 2172 432 2224 rostrum
461 2180 480 2224 a
511 2163 640 2243 reliquis
671 2162 830 2223 diversum
857 2181 944 2234 esse,
980 2162 1112 2221 nonsit
1139 2159 1358 2243 significabant.

217 2265 331 2326 Contra
361 2263 461 2346 gallus
492 2263 679 2346 gallinaceus
711 2280 816 2324 secum
846 2261 971 2323 ferebat
999 2263 1148 2326 citharam
1176 2264 1226 2325 rel
1256 2264 1357 2346 lyram

216 2368 273 2448 ipsi
297 2363 349 2428 uni
370 2367 541 2447 propriam.
585 2370 631 2429 Ea
658 2366 752 2448 igitur
781 2365 853 2446 quin
875 2365 1069 2426 Pistbetaero
1104 2383 1211 2426 ansam
1236 2365 1359 2426 dederit

218 2470 407 2550 quaerendi:
438 2469 489 2542 τίς
512 2458 586 2534 nue‘
608 2463 672 2536 ἔστ’
694 2463 711 2533 ὁ
735 2465 968 2550 μουσόμαντις
991 2467 1091 2551 ὄρνις,
1113 2487 1216 2548 neque
1239 2487 1358 2530 seeun-

218 2573 293 2632 dum
312 2572 394 2633 hene
415 2573 685 2636 ratiocinationem
707 2569 988 2631 licebitdubitare.
1012 2599 1015 2606 .

219 2740 401 2805 Contiountur
419 2739 625 2791 demonstratio.
665 2739 808 2802 Probatur,
828 2742 1069 2815 phoenicopterum
1083 2744 1214 2792 cecinisse
1231 2741 1263 2793 τὸ
1276 2748 1358 2812 ἐμβα-

218 2823 307 2896 τὴριον
327 2834 354 2876 et
371 2823 432 2884 τούς
453 2831 564 2886 ἓξοδίους
583 2825 683 2887 νόμους.
719 2831 816 2896 Apiiur
836 2835 868 2881 de
896 2833 984 2900 patria
1003 2836 1130 2898 quattuor
1160 2833 1246 2880 avium
1276 2838 1359 2884 ruusi-

218 2934 264 2967 cos
284 2917 421 2983 agentium
441 2919 527 2985 deque
547 2918 648 2972 caussis
668 2919 799 2968 aurillac
820 2921 893 2986 ipsae
912 2924 1059 2988 productae
1078 2921 1141 2969 sint.
1183 2921 1358 2974 llenroustra·

218 3012 272 3064 tur,
292 3006 394 3071 gallum
410 3007 589 3072 gallinaceum
608 3007 666 3074 lyra
683 3023 759 3057 usum
780 3025 847 3058 esse.
886 3007 1049 3059 Tractentur
1068 3010 1173 3074 aliquot
1192 3010 1257 3058 artis
1274 3029 1359 3079 opera

217 3095 318 3162 gallum
343 3096 523 3162 gallinaceum
549 3096 681 3146 inusicum
700 3099 942 3164 repraesentantia.
981 3098 1077 3164 Agitur
1099 3098 1132 3148 de
1162 3097 1274 3157 ordine,
1303 3119 1360 3168 quo

217 3185 354 3252 prodeunt
372 3200 451 3244 aves,
479 3183 566 3251 deque
589 3185 662 3234 varin
683 3201 774 3234 eorum
802 3191 890 3238 aetate
916 3193 997 3252 atque
1016 3187 1208 3237 calceamento.
1247 3187 1360 3240 Vereri-

418 3274 481 3326 mile
499 3273 642 3333 redditur,
668 3273 796 3326 tibicines
811 3273 870 3342 jam
887 3275 1003 3327 scabilla
1021 3281 1150 3341 gestasse.

302 3377 377 3438 Cum
399 3379 451 3453 iis,
476 3397 556 3458 quae
578 3379 673 3440 modo
697 3381 857 3442 elicuimus
881 3381 1080 3460 disputando,
1104 3381 1246 3461 apprime
1276 3401 1361 3446 con·-

217 3481 315 3555 venit,
344 3481 430 3561 quod
460 3499 571 3541 sunum
601 3482 733 3544 similem
763 3485 800 3544 iis
832 3484 975 3558 uocibus,
1012 3504 1089 3565 quas
1124 3486 1189 3546 edit
1210 3484 1361 3564 «phoeni—

216 3589 361 3664 copterus
383 3584 436 3644 Vs.
458 3583 534 3657 267,
567 3583 661 3644 tibiae
685 3592 808 3646 cantum
830 3586 950 3647 reterre
980 3589 1032 3649 Vs.
1051 3587 1113 3649 260
1135 3595 1166 3648 et
1191 3587 1268 3662 262,
1289 3589 1359 3670 jem

216 3706 310 3766 supra
333 3688 523 3769 conjecimus
543 3687 584 3749 de
606 3687 735 3750 luscinia
757 3689 957 3754 disserentes.
1002 3691 1065 3752 Sed
1088 3690 1236 3751 differunt
1254 3698 1362 3752 tamen

215 3788 276 3847 bae
300 3790 448 3850 lusciniae
480 3799 510 3852 et
541 3791 782 3875 phoenicopteri
811 3814 905 3857 voces
941 3793 1143 3872 aliquatenus.
1208 3791 1270 3864 Qui
1294 3811 1362 3868 eas,

112 3891 116 3898 '
215 3907 293 3970 quas
315 3891 367 3952 hic
399 3893 524 3966 emittit,
557 3895 806 3958 consideraverit
834 3897 1026 3967 accuratius,
1060 3894 1141 3958 duos
1165 3903 1363 3974 anapaestus

215 3993 339 4056 efficere
369 3995 516 4072 reperiet.
566 3997 647 4058 Ecce
684 4000 740 4059 tihi
773 4017 839 4060 rem
869 4005 978 4060 notatu
1013 3997 1182 4059 admodum
1212 3997 1361 4079 dignam!

214 4098 323 4177 Neque
347 4098 430 4158 enim
453 4099 580 4162 dubium
603 4101 735 4176 videtur,
759 4103 833 4180 quin
855 4101 916 4162 illis
939 4102 1069 4163 vocibus
1092 4101 1291 4162 contineatur
1316 4101 1362 4176 id,

213 4200 299 4280 quod
322 4200 441 4262 Graeca
471 4202 575 4284 lingua
605 4204 823 4283 appellabatur
852 4201 892 4270 eri
923 4199 1140 4288 ipessocrioror.
1184 4203 1268 4282 Ergo
1293 4203 1363 4263 hoc
