2910 4654
579 143 816 208 —123..

113 316 180 387 tur,
202 308 255 372 bic
274 327 357 375 unus
380 313 499 388 tantum
521 309 619 377 fuisse
640 313 767 392 dicitur,
797 336 836 380 eo
861 317 986 396 ducunt,
1008 327 1042 388 ut
1063 321 1156 384 etiam
1177 326 1260 386 Por-

112 411 303 493 phyrionem
320 410 484 494 Gigantam
506 420 538 475 et
556 416 694 495 proinde
717 419 863 500 Gigantes
883 423 1260 505 universosdristophani

113 514 172 579 alis
194 514 364 578 instructos
397 523 492 580 notos
525 515 622 580 fuisse
656 521 877 584 existimemus.
920 523 1074 586 Probatur
1099 525 1131 588 id
1158 527 1259 608 ipsum
1359 539 1363 547 ’

114 617 208 679 etiam
237 617 298 680 hac
328 617 579 680 ratiocinatione.
621 621 744 685 Etenim
773 623 971 707 Porphyrion
1003 623 1029 686 si
1064 626 1103 688 de
1126 637 1258 694 santen-

113 720 158 782 tia
188 720 408 802 Aristophanis
440 722 570 784 carebat
602 723 677 800 aiis,
721 727 867 791 crederes
908 727 1068 790 Comicum
1101 733 1257 811 expressis

21 878 25 886 .
112 822 217 886 verbis
240 821 486 904 significaturum
504 822 611 902 inisse,
632 827 865 910 porphyriones
888 846 961 890 aves
980 837 1096 908 quanto
1119 833 1258 914 majores

114 923 495 988 molestias'axhibiturae
519 933 623 988 essent
649 928 721 990 Jovi
749 936 859 1010 utpote
889 929 947 992 alis
969 930 1149 996 instructae.
1194 937 1257 997 Sed

114 1025 178 1089 tale
201 1027 276 1106 qnid
296 1039 393 1108 poeta
415 1047 518 1108 neque
544 1027 618 1091 iecit
640 1047 697 1106 eo,
730 1033 816 1112 quod
843 1033 885 1095 ad
913 1033 1044 1098 verbum
1065 1038 1256 1120 πορφυρίω-

112 1153 175 1202 aar
208 1129 330 1196 addidit
361 1130 552 1192 vocabulum
581 1127 696 1212 ὅρνις,
729 1155 831 1217 neque
860 1155 935 1198 vero
969 1143 1044 1214 post
1076 1138 1173 1198 verba
1208 1137 1257 1214 sig

115 1231 318 1314 Πορφυρίων
337 1234 458 1296 addidit
488 1234 643 1314 quaedam
666 1234 706 1299 de
728 1257 782 1314 eo,
812 1237 899 1320 quod
920 1238 1055 1299 hicnon
1079 1248 1159 1302 esset
1183 1243 1255 1303 aia-
1306 1251 1309 1263 ¹

76 1345 83 1352 ·
112 1339 173 1396 tus.
215 1335 384 1416 Postquam
397 1337 437 1399 de
455 1336 504 1398 his
517 1337 561 1398 ita
578 1337 735 1418 disputavi
754 1337 826 1401 solo
848 1358 918 1404 meo
936 1359 1010 1402 usus
1027 1342 1158 1424 judicio,
1183 1364 1255 1406 me·
1357 1360 1359 1368 ‘

10 1429 11 1436 '
113 1436 188 1498 mini
212 1439 352 1517 demum,
381 1442 447 1524 jam
477 1444 630 1505 ioannem
658 1442 827 1531 Henricum
848 1443 995 1505 Vossinm
1027 1464 1066 1506 ex
1096 1447 1158 1510 hoo
1179 1447 1253 1511 lo'oo

114 1542 326 1624 conjecturam
343 1545 464 1625 cepisse
488 1544 529 1606 de
548 1545 732 1628 Gigantibus
755 1545 847 1608 alatis
867 1545 1001 1627 Epistol.
1017 1566 1134 1631 argum.
1156 1551 1253 1633 myth.

114 1645 149 1704 T.
163 1643 200 1704 Π.
222 1664 253 1725 p.
270 1647 309 1708 19
340 1645 444 1708 eall.
489 1641 551 1709 scd
582 1646 610 1709 is
643 1647 687 1708 ita
710 1667 780 1709 esse
813 1648 977 1710 affirmavit
1003 1651 1123 1728 potius,
1160 1669 1253 1732 quam

113 1745 291 1810 rationibus
310 1748 435 1811 idoneis
458 1749 695 1820 demonstravit:
725 1747 813 1824 quod
835 1748 930 1820 dixit,
953 1751 1168 1816 scholiastam
1190 1755 1253 1814 ad-

113 1855 240 1924 notare,
262 1848 371 1910 adludi
392 1849 434 1909 ad
456 1850 523 1910 aias
542 1845 768 1930 Porphyrionis
790 1844 940 1928 (digentis,
963 1848 1093 1911 omnino
1116 1861 1254 1916 nonest

113 1967 235 2012 aarum.
284 1949 391 2031 Neque
413 1950 539 2022 videtur
564 1949 651 2010 iiiam
680 1946 867 2012 sententiam
893 1951 1087 2028 persuasisse
1110 1954 1252 2017 Gerhar—

111 2052 166 2114 dio
187 2051 360 2116 serioribus
392 2053 518 2116 demum
550 2050 742 2133 temporibus
772 2048 839 2112 alas
860 2049 994 2113 tributas
1017 2070 1087 2118 asse
1108 2057 1252 2138 Giganti·-

108 2157 174 2218 bus·
192 2156 331 2218 censenti
354 2161 521 2219 comment.
541 2155 584 2218 de
605 2155 747 2237 personis
779 2153 870 2216 alatis
889 2154 964 2218 artis
986 2157 1147 2238 antiquae,
1170 2178 1251 2242 quae

109 2267 157 2322 est
186 2260 269 2322 inter
302 2260 583 2322 commentationes
603 2257 806 2320 ‚Academiae
839 2257 946 2338 regiae
983 2258 1195 2326 Berolinensis
1212 2283 1251 2348 a.

111 2365 194 2426 1839
215 2362 363 2425 recitatas
384 2379 415 2422 a.
438 2361 520 2423 1841
543 2359 576 2419 in
598 2358 755 2438 publicum
777 2358 897 2435 editas,
932 2379 963 2440 p.
985 2361 1056 2424 199.
1073 2397 1113 2410 --
1151 2366 1250 2427 Porro

108 2466 284 2546 quaeritur,
308 2464 383 2547 quid
404 2463 465 2526 sibi
485 2461 621 2524 voluerit
648 2459 792 2534 Comicus
818 2459 922 2526 verbis
954 2463 1125 2545 παρδαλᾶς
1147 2471 1251 2552 tow.

107 2569 243 2652 μένους.
286 2568 479 2632 scholiastes
501 2567 543 2628 ad
564 2567 619 2628 Vs.
634 2564 733 2628 1250:
761 2563 947 2645 παρδαλᾶςι
978 2565 1182 2650 πάρὸᾰλεωρ
1198 2569 1251 2634 80.

108 2668 188 2751 ράς.
216 2667 363 2747 ”Ebosia
383 2665 469 2753 πρὸς·
491 2661 555 2750 τὴν
579 2658 886 2751 nadpoawon'cniv·
916 2663 1052 2736 κυάνεοι
1078 2663 1143 2754 γάρ
1176 2673 1250 2738 εἶσι.

106 2771 307 2835 Hoc-veiam
323 2774 460 2855 quidem,
487 2771 545 2834 sad
564 2771 647 2834 ratio
668 2769 915 2852 haudquaquam
931 2767 1059 2834 idonea.
1102 2773 1149 2835 Da
1168 2793 1250 2853 por-

106 2876 265 2958 phyriona
287 2894 345 2938 ave
365 2875 516 2956 imprimis
539 2872 736 2938 consulenda
761 2877 833 2934 sunt
856 2889 938 2951 quae
959 2872 1153 2953 scripserunt
1174 2876 1249 2937 Ari-

105 2976 237 3042 statela's
259 2978 337 3040 Hist.
357 2978 415 3040 dn.
434 2977 568 3052 vffl.·8‚
590 2975 776 3040 'Athenaeus
797 2976 852 3036 tx.
885 2995 916 3055 p.
933 2977 1007 3052 388,
1040 2976 1155 3043 Plinius
1178 2979 1250 3048 Nat.

105 3075 247 3142 Histh.
269 3082 320 3144 46.
364 3081 514 3155 Quamvis
541 3077 630 3140 nuiio
661 3079 774 3142 necho.
792 3083 937 3140 testatum
965 3079 1142 3159 reperiatur
1161 3083 1248 3161 apud

105 3183 169 3244 hos
190 3185 374 3264 scriptores,
415 3201 506 3248 avam
533 3180 730 3244 maculosam
758 3199 831 3246 csse
858 3179 891 3242 in
913 3180 1043 3242 modum
1066 3178 1246 3261 pardorum.

105 3279 314 3366 quaesiverim
337 3281 459 3364 tamen,
480 3287 565 3349 itane
586 3285 689 3347 fuerit
732 3281 882 3359 Tametsi,
915 3283 967 3345 vel
999 3283 1027 3344 si
1057 3283 1248 3360 nominarit

102 3382 165 3463 ita‚'
201 3387 257 3450 iiia
290 3390 388 3452 verba
419 3388 619 3472 probabilem
649 3387 890 3470 explicationem
919 3385 1094 3448 admittunt.
1148 3387 1245 3452 Auem

102 3490 193 3551 enim·
207 3491 295 3552 iiiam
315 3493 466 3576 libycum
488 3513 560 3556 asse
580 3485 957 3556 'tradiderat'diaxander
980 3487 1180 3572 Myndeuisis‚
1215 3501 1245 3554 et

101 3591 143 3654 ab
162 3591 371 3673 altera-parte
389 3595 513 3670 scimus,
535 3595 655 3676 equites
673 3593 821 3658 Numidas
843 3600 983 3674 gestasse
998 3590 1098 3671 petias
1120 3591 1243 3671 pardo·-

98 3715 178 3772 rum,
200 3694 378 3758 baliuamm
389 3695 526 3758 terarum
543 3699 769 3773 Africanarum,
792 3696 832 3756 de
852 3693 965 3776 quibus
978 3691 1074 3753 rebus
1094 3691 1148 3754 cir.
1163 3711 1244 3774 qnae

99 3799 206 3864 citavit
228 3799 419 3865 Snevernina
442 3799 463 3863 l.
487 3819 512 3862 c.
542 3819 572 3882 p.
589 3802 639 3864 76.
682 3801 828 3862 Attamen
849 3796 1011 3860 fatendum
1035 3801 1099 3870 est,
1121 3795 1173 3858 vel
1195 3797 1241 3860 sic

97 3911 281 3986 praestare,
314 3905 341 3966 si
363 3903 458 3966 etiam
490 3902 568 3965 iilud
590 3920 715 3965 sumere
747 3900 851 3961 liccat.
895 3901 968 3962 Utut
987 3899 1042 3961 illa
1064 3919 1114 3962 res
1136 3901 1242 3977 habet,

96 4005 161 4068 hoc
183 4013 303 4070 tantum
325 4026 390 4069 non
414 4011 501 4068 certo
525 4005 630 4086 coiiigi
651 4021 747 4085 posse
768 4001 893 4066 ridetur
915 4021 954 4063 ex
974 4001 1037 4064 hoc
1059 3999 1145 4080 ioco,
1178 4020 1242 4066 no-

95 4107 178 4169 visse
200 4109 444 4191 Aristophanem
466 4106 718 4193 Porphyrionem
740 4111 780 4178 at,
802 4101 889 4185 qnod
911 4103 993 4167 ultro
1014 4105 1163 4186 sequitur,
1185 4125 1243 4167 rc-

95 4205 201 4292 liqnos
232 4211 380 4295 Gigantes
412 4209 583 4294 pardorum
611 4205 748 4290 pellibus
786 4205 923 4268 indutos.
975 4207 1016 4269 Et
1036 4199 1140 4291 ⁸ecce,
1176 4205 1239 4268 duo

892 4321 912 4382 9
