2910 4654
587 89 800 176 1-οι--

127 263 203 326 inde
224 259 393 342 probabile
421 257 475 337 lit,
511 258 612 342 quod,
641 258 694 321 ubi
733 256 925 321 eontrarium
952 264 1141 336 sumeretur,
1177 258 1266 324 illum

128 363 228 426 luisse
256 357 552 446 ἀριστεροστοὶτηο,
585 359 646 422 bos
680 352 974 444 σῖρισιεροοτοῑτας,
1009 361 1136 423 scimus.
1186 361 1267 424 Aves

128 484 198 526 απσ
220 462 354 549 aparine
373 455 583 542 prodeuntes,
616 463 656 524 de
686 483 750 542 qoo
768 463 836 546 jam
859 461 1046 526 Suaveruius
1069 459 1191 528 monuit
1212 485 1269 527 ss-

128 565 263 628 cundum
286 564 411 638 locum,
445 565 499 644 qni
521 570 569 626 est
590 563 643 624 Vs.
663 563 725 627 294
749 571 781 625 et
809 564 881 640 295,
913 583 977 625 uon
998 565 1042 628 uti
1064 567 1157 628 tardo
1190 585 1269 648 gra·
1387 580 1389 591 ¹

126 667 198 730 viva
218 667 364 741 incessu,
396 667 452 728 sad
475 685 601 728 currere
622 665 674 730 vel
696 666 807 744 salire,
829 666 970 748 sequitur
990 668 1043 732 vel
1064 687 1105 732 ex
1125 669 1179 730 Vs.
1194 669 1268 744 307,

127 771 183 832 ubi
204 769 376 850 Euelpides
399 770 571 834 exclamat:

213 870 268 938 σῙα
292 870 490 951 πιππίζουσι
515 872 569 938 καὶ
591 872 786 960 τρέχουσι
807 867 1072 958 διακεκραγότες,
1098 915 1101 922 ·

126 975 186 1036 sed
216 975 323 1040 etiarn*
337 973 412 1036 iuda
440 980 589 1055 apparet,
619 977 707 1055 quod
738 995 850 1061 agmen
880 978 947 1061 jam
981 983 1054 1040 anta
1075 978 1129 1040 Vs.
1153 975 1217 1038 308
1240 984 1271 1036 et

126 1078 209 1151 309,
244 1096 307 1157 quo
330 1076 404 1138 looo
427 1075 473 1138 sio
494 1077 596 1160 pergit
615 1077 805 1160 Euelpides:

205 1171 286 1262 ‘Ap’
308 1179 551 1246 αποιλσύσίο
582 1203 626 1262 χο
647 1181 748 1266 optim
784 1181 913 1266 Οἴμσι,
946 1177 1128 1269 κεχήνασίν
1149 1181 1187 1265 γὲ
1218 1205 1271 1246 τοι

212 1280 277 1346 καὶ
303 1279 543 1366 βλέπουσιν
566 1286 630 1354 alo
652 1285 695 1347 σὲ
717 1274 835 1362 ιισῖμὲ,

51 1459 57 1470 ,
125 1382 264 1452 frontem
296 1383 469 1445 obverterit
494 1382 664 1463 proscenio
698 1399 829 1445 necessa
851 1390 900 1446 est
928 1391 959 1446 et
980 1390 1081 1461 certe,
1104 1389 1271 1464 autequam

128 1483 238 1546 dicero
259 1483 370 1564 incipit
390 1485 446 1546 Vs.
457 1484 532 1558 310,
553 1483 678 1545 firmam
699 1485 869 1547 stationam
884 1485 946 1567 ipsi
966 1485 1129 1567 propriam
1151 1485 1271 1566 cepisse

128 1585 229 1647 videri
243 1587 315 1664 jure
337 1591 453 1660 potest.
487 1584 667 1655 Quineritur,
682 1587 762 1641 haee
783 1589 883 1660 qualis
903 1588 1008 1644 fuerit.
1050 1589 1097 1643 De
1111 1587 1162 1644 his
1176 1587 1271 1646 rebus

126 1683 206 1746 nihil
228 1683 399 1764 quidquam
434 1681 580 1744 traditum
613 1682 779 1765 reperitur.
832 1685 913 1748 Num
942 1683 1036 1768 igitur
1057 1685 1124 1768 jam
1146 1705 1204 1766 per
1237 1705 1272 1748 sc

125 1783 295 1866 probabile
317 1789 380 1856 est,
415 1784 547 1867 chorum
569 1783 723 1846 comicum
746 1785 879 1847 eandem
912 1787 1070 1869 speeiem,
1102 1805 1196 1865 quam
1218 1787 1271 1846 in-

128 1894 177 1949 ter
205 1884 442 1967 ingrediendum
471 1883 655 1966 praeberet,
686 1885 781 1947 etiarn
807 1894 943 1950 stantem
974 1890 1007 1950 in
1029 1888 1194 1951 orchestra
1215 1910 1272 1951 re-

127 1989 274 2063 tinuisse,
311 1987 355 2051 ita
377 1993 412 2049 ut
442 1985 489 2062 is,
522 1985 630 2065 quiin
661 1985 777 2049 Avibus
800 1995 864 2064 est,
898 1988 983 2058 ιιατσὶ
1005 1992 1158 2078 στοίχοσσ
1178 1991 1273 2053 fuerit

128 2091 315 2174 dispositus,
347 2108 387 2152 au
421 2088 551 2151 credere
582 2095 739 2168 praestat,
770 2089 861 2155 illum
891 2091 938 2154 sio
959 2092 1057 2156 fuisse
1079 2091 1272 2161 collocatum

127 2193 162 2256 in
184 2193 358 2269 orchestra,
380 2200 414 2255 ut
435 2191 625 2254 contrariam
648 2192 786 2274 speeiem
801 2195 993 2275 praeberet?
1033 2196 1188 2277 Equidem
1208 2196 1271 2258 hoo

126 2292 327 2377 probabilius
349 2293 492 2355 duxerim
515 2292 615 2353 altero
640 2292 716 2370 illo,
742 2294 808 2376 jam
832 2314 902 2358 eam
925 2297 967 2358 ob
990 2314 1153 2374 caussam,
1185 2298 1271 2379 quod

128 2397 333 2461 solummodo
349 2395 408 2459 sub
423 2394 484 2457 hae
497 2393 681 2458 conditione
695 2394 728 2472 ii,
750 2395 803 2476 qui
816 2395 898 2458 inter
917 2397 1156 2479 ingrediendum
1174 2399 1270 2482 vulgo

130 2496 406 2586 α’ριστιροστάται
434 2506 555 2577 esseut,
598 2499 674 2577 sed,
714 2518 809 2581 quum
841 2500 974 2563 chorum
1001 2519 1132 2584 peregre
1164 2501 1272 2564 venire

127 2607 315 2689 fingeretur,
343 2611 377 2667 ut
397 2605 610 2688 conjecimus,
634 2597 861 2684 διξαοοταται,
890 2602 955 2668 soli
976 2603 1120 2667 ordinem
1141 2610 1274 2685 speeta-

126 2710 250 2776 toribus
283 2711 462 2791 proximum
494 2711 670 2786 allicerent,
703 2710 737 2771 id
770 2709 856 2790 qnod
879 2715 1125 2772 consentaneum
1147 2715 1196 2771 est
1216 2708 1273 2770 lo-

128 2832 199 2876 cum
220 2811 380 2874 habuisse.
423 2813 511 2874 llaec
540 2814 567 2874 si
597 2830 674 2876 vera
695 2817 781 2888 suut,
815 2810 931 2873 chorus
954 2809 1058 2873 avium
1078 2811 1122 2872 itu
1144 2810 1272 2891 prodiit,

131 2920 165 2976 ut
186 2912 301 2996 singuli
323 2925 468 3000 στοῖχοι,
495 2933 575 2976 uuus
596 2921 672 2993 post
700 2913 853 2988 alterum,
884 2913 917 2976 in
947 2914 1110 2978 orchestra
1132 2933 1273 2998 appare:

129 3024 215 3094 rent,
236 3022 272 3080 ut
293 3021 399 3078 autem
423 3015 556 3095 quisquo
577 3014 724 3096 apparuit
744 3013 786 3074 ad
806 3011 889 3075 latus
911 3017 1056 3095 proxime
1078 3015 1273 3078 antecedan-

128 3119 169 3182 tis
192 3137 227 3180 se
250 3117 438 3193 collocaret,
467 3119 632 3201 quaejam
657 3114 821 3180 Suevernii
847 3115 1002 3177 sententia
1031 3117 1099 3179 init.
1141 3117 1273 3180 Videtur

129 3229 236 3286 autem
257 3219 431 3283 seeundum
454 3238 502 3296 ea,
525 3239 606 3302 quae
629 3218 738 3301 paullo
756 3224 830 3279 ante
848 3218 915 3300 jam
937 3218 1166 3296 adnotavimus,
1188 3220 1272 3283 oho—

127 3343 181 3388 rus
204 3330 290 3385 reeta
311 3320 362 3386 via
384 3323 555 3385 tetendisse
571 3322 614 3384 ad
641 3340 713 3382 eum
738 3319 920 3383 orchestrae
942 3317 1065 3398 locum,
1086 3323 1141 3386 nbi
1169 3322 1273 3386 lineae

129 3432 220 3489 erant
239 3423 329 3500 illue,
361 3423 537 3505 dequibus
559 3423 645 3505 apud
665 3420 859 3504 Hesychium
880 3440 985 3485 sermo
1008 3429 1056 3486 est
1079 3424 1130 3488 his
1152 3424 1272 3490 verbis:

128 3525 286 3612 γραμμαὶ
319 3527 356 3590 ἐν
388 3526 431 3609 τῇ
452 3519 615 3611 ὀρχήστρᾳ
646 3517 759 3607 ἦσαν.
791 3519 834 3598 οἷς
857 3520 919 3591 τὸν
951 3519 1053 3611 χορὸν
1086 3532 1124 3590 ἐν
1155 3528 1273 3613 στοίχῳ

130 3635 308 3705 ἵστασθαι,
336 3643 440 3707 neque
461 3626 661 3707 cogitandum
682 3645 752 3688 esse
775 3625 816 3686 de
835 3622 992 3707 pluribus
1012 3625 1272 3693 conversionibus
1352 3679 1356 3686 .

130 3735 185 3792 aut
221 3729 262 3791 de
296 3728 491 3791 decursibus.
545 3727 690 3810 Vulgaris
718 3726 775 3789 illa
808 3726 899 3789 chori
928 3725 1022 3790 statio
1054 3745 1135 3810 qnae
1169 3727 1273 3807 luent,

131 3829 244 3912 uliquis
267 3829 423 3910 opinetur,
444 3831 537 3896 etiarn
560 3851 602 3895 ex
622 3829 676 3894 Vs.
694 3831 756 3894 591
780 3829 916 3914 perspici
936 3849 1034 3912 posse
1054 3837 1140 3896 recte
1162 3851 1273 3898 emen-
1294 3873 1298 3880 ·

132 3934 222 3996 dato.
262 3933 340 3994 Esse
371 3932 506 4002 enimin
530 3934 623 4012 vitio,
664 3951 746 4018 quae
774 3932 932 3999 hocloco
953 3939 1114 4018 umquam
1136 3952 1155 3998 a
1176 3941 1274 4016 poeta

131 4033 248 4117 scriptu
268 4034 421 4098 ¹eductura
